=LDR  01545acm a2200289   4500
=001  1
=008  210318s1730\\\\\\\||le|\||||\00|\0\fre\d
=041  \\$afre
=059  \\$a2vn
=100  \\$aLeclair, Jean-Marie$d1697-1764$4cmp$1http://www.wikidata.org/entity/Q348875$94746
=245  \\$aSonates à deux violons sans basse op. 3
=250  \\$a1st ed.
=260  \\$aParis$bLeclair$bBoivin$bLe Clerc$bCastagnery$c1730
=300  \\$a2 vols. (23+23 pages)
=500  \\$aTwo separate parts
=561  \\$aEx libris unidentified coat of arms (Plate)
=648  \0$a18th Century (1701-1800)$1http://www.wikidata.org/entity/Q7015$920899
=650  \0$aChamber music$1http://www.wikidata.org/entity/Q189201$92105
=650  \0$aSonata$1http://www.wikidata.org/entity/Q131269$921653
=650  \0$aViolin$1http://www.wikidata.org/entity/Q8355$92783
=650  \0$aInstrumental music$1http://www.wikidata.org/entity/Q639197$92106
=651  \0$aFrance$1http://www.wikidata.org/entity/Q142$9131
=856  \\$uhttps://imslp.org/wiki/6_Sonatas_for_2_Violins%2C_Op.3_(Leclair%2C_Jean-Marie)$3International Music Score Library Project
=942  \\$cSCO
=952  \\$00$10$2ddc$3violino primo$40$6KTS_1_000000000000000_C3_03_01A01A$70$8RAR$91$aORPH$bORPH$cKTS1_C3$d2020-07-08$eKoopman$l0$oKTS1 C3.03 01A01a$p20140375$r2021-01-12 00:00:00$w2021-01-12$ySCO
=952  \\$00$10$2ddc$3violino secondo$40$6KTS_1_000000000000000_C3_03_01A01B$70$8RAR$922612$aORPH$bORPH$cKTS1_C3$d2020-07-08$eKoopman$l0$oKTS1 C3.03 01A01b$p20140376$r2023-03-31 00:00:00$w2021-01-12$ySCO
=999  \\$d1

