=LDR  01621acm a2200277   4500
=001  11
=008  210401s1830\\\\\\\||le|\||||\00|\0\fre\d
=041  \\$afre
=059  \\$afl ob cl 2hn vn
=100  \\$aCarafa, Michele$d1787-1872$4cmp$1http://www.wikidata.org/entity/Q497494$94758
=245  \\$aMasaniello ou Le pêcheur napolitain$bDrame Historique en Quatre Actes. Ouverture a Grand Orchestra
=260  \\$aParis$bLeduc$cca.1830
=300  \\$a15 pages$bMusic-seller's stamp at foot of title page
=500  \\$aIncomplete parts for overture (1er hautbois,  2e clarinette,  3me et 4me cors, 2de flûte, violino primo)
=500  \\$athe clarinet-part has also 'Ouverture de Beethoven Op.113' (Die Ruinen von Athen) included
=534  \\$aDrame historique en 4 actes, premiered in Paris,  Opéra Comique, 27.12.1827
=610  \0$aOpéra-Comique (Paris, France)$1http://www.wikidata.org/entity/Q872222$920953
=648  \0$a19th Century (1801-1900)$1http://www.wikidata.org/entity/Q6955$920935
=650  \0$aOpera$1http://www.wikidata.org/entity/Q1344$92468
=650  \0$aOverture$1http://www.wikidata.org/entity/Q202287$921591
=651  \0$aFrance$1http://www.wikidata.org/entity/Q142$9131
=700  \\$4lbt$aLafortelle, Ange-Martial$d1769-1851$1http://www.wikidata.org/entity/Q21406125$926009
=700  \\$4lbt$aMoreau, Charles François Jean Baptiste$d1783-1832$1http://www.wikidata.org/entity/Q18398233$926010
=942  \\$cSCO
=952  \\$00$10$2ddc$40$6KTS_1_000000000000000_C3_03_01A10$70$8RAR$911$aORPH$bORPH$cKTS1_C3$d2020-07-08$eKoopman$l0$oKTS1 C3.03 01A10$p20140394$r2021-01-12 00:00:00$w2021-01-12$ySCO
=999  \\$d11

