=LDR  01451acm a2200265   4500
=001  15
=008  230403b\\\\\\\\|||||l||\||||\00|\0\eng\d
=041  \\$aeng$dita
=059  \\$avv bc
=100  \\$aHandel, George Frideric$d1685-1759$4cmp$1http://www.wikidata.org/entity/Q7302$94765
=240  \\$aHWV 87, 97, 154, 170 and 192-193
=245  \\$aTwo Trios, and Four Cantatas, in Score
=260  \\$aLondon$bArnold$cs.d.
=300  \\$a77 pages
=490  \\$aThe Works of G. F. Händel, Ed. in Score$v174-176
=500  \\$acontains the trios Se tu non lasci amore and Quel fior che all'alba ride, and the cantatas Cecilia volgi un sguardo, Carco sempre di gloria, Crudel tiranno amor and Tre le fiamme
=501  \\$aBound in with Handel's 'Thirteen Chamber Duetto's [sic] and Twelve Cantatas'
=648  \0$a18th Century (1701-1800)$1http://www.wikidata.org/entity/Q7015$920899
=650  \0$aVocal music$1http://www.wikidata.org/entity/Q685884$93319
=650  \0$aCantata$1http://www.wikidata.org/entity/Q174873$921603
=650  \0$aTrio$1http://www.wikidata.org/entity/Q281643$921327
=856  \\$uhttps://opac.kbr.be/Library/doc/SYRACUSE/18145354/two-trios-and-four-cantatas-in-score-composed-by-g-f-handel?_lg=fr-BE$3Royal Library of Belgium
=942  \\$cSCO
=952  \\$00$10$2ddc$40$6KTS_1_000000000000000_C3_03_01A13A$70$8RAR$915$aORPH$bORPH$cKTS1_C3$d2020-07-08$eKoopman$l0$oKTS1 C3.03 01A13a$p20140383a$r2021-01-12 00:00:00$w2021-01-12$ySCO
=999  \\$d15

