=LDR  02359acm a2200361   4500
=001  16
=005  20250926134853.0
=008  230403s1862\\\\|||||l||\||||\00|\0\ger\d
=041  \\$alat
=059  \\$a2SATB 2fl 2ob 2oda 3tpt 3tbn 2vn vla pk org bc
=100  \\$aBach, Johann Sebastian$d1685-1750$4cmp$1http://www.wikidata.org/entity/Q1339$94766
=245  \\$aMagnificat D dur und vier Sanctus [BWV 237-240, 243, 243a]
=260  \\$aLeipzig$bBreitkopf & Härtel$c1862
=300  \\$a[xxii]-112 pages$bmanuscript pencil notes on frontmatter
=490  \\$aJohann Sebastian Bach's Werke herausgegeben von der Bach-Gesellschaft zu Leipzig$vErster Jahrgang, erste Lieferung
=500  \\$amanuscript pencil notes on frontmatter might refer to a performance in Utrecht 1/2 dec. 1930:  
- orchestration: 3 trumpets, timpani, 4 oboes, 6 flutes, 2 bassoons, 6+5 violins, 5 violas, 3 cellos, 2 contrabasses, organ, harpsichord 
- sketch of the set-up (contains lutes!)
- instrumental and vocal line-up per number
=500  \\$aContains the membership directory, worldwide, of the Bach-Gesellschaft
=500  \\$aRed & blue pencil notes throughout the score
=561  \\$aEx libris K. Hartfelt, Bussum (plate)
=648  \0$a18th Century (1701-1800)$1http://www.wikidata.org/entity/Q7015$920899
=648  \0$a19th Century (1801-1900)$1http://www.wikidata.org/entity/Q6955$920935
=650  \0$aMagnificat$1http://www.wikidata.org/entity/Q200809$92021
=650  \0$aPerformance$926223
=651  \0$aLeipzig (Germany)$1http://www.wikidata.org/entity/Q2079$945
=700  \\$4edt$4win$aRust, Wilhelm$d1822-1892$1http://www.wikidata.org/entity/Q455388$94767
=856  \\$uhttps://imslp.org/wiki/Sanctus_in_C_major,_BWV_237_(Bach,_Johann_Sebastian)$3BWV 237
=856  \\$uhttps://imslp.org/wiki/Sanctus_in_D_major,_BWV_238_(Bach,_Johann_Sebastian)$3BWV 238
=856  \\$uhttps://imslp.org/wiki/Magnificat_in_D_major,_BWV_243_(Bach,_Johann_Sebastian)$3BWV 243
=856  \\$uhttps://imslp.org/wiki/Sanctus_in_D_minor,_BWV_239_(Bach,_Johann_Sebastian)$3BWV 239
=856  \\$uhttps://imslp.org/wiki/Sanctus_in_G_major,_BWV_240_(Bach,_Johann_Sebastian)$3BWV 240
=942  \\$cSCO
=952  \\$00$10$2ddc$40$6KTS_1_000000000000000_C3_03_01A14$70$8RAR$916$aORPH$bORPH$cKTS1_C3$d2020-07-08$eKoopman$l0$oKTS1 C3.03 01A14$p20140396$r2021-01-12 00:00:00$w2021-01-12$ySCO
=999  \\$d16

