=LDR  01295acm a2200265   4500
=001  18
=005  20250926135814.0
=008  230403s1773\\\\|||||l||\||||\00|\0\ita\d
=041  \\$aita
=059  \\$ahpd
=100  \\$aDoles, Johann Friedrich$d1715-1797$4cmp$1http://www.wikidata.org/entity/Q68255$94768
=245  \\$aSei sonate per il clavicembalo solo
=260  \\$aRiga$bHartknoch$c1773
=300  \\$a38 pages$bengraved title page
=500  \\$aJohann Friedrich Doles (1715-1797) was a pupil of Johann Sebastian Bach
=561  \\$aEx libris Lindner'sche Musik-Bibliothek (Stamp)
=648  \0$a18th Century (1701-1800)$1http://www.wikidata.org/entity/Q7015$920899
=650  \0$aKeyboard music$1http://www.wikidata.org/entity/Q105715630$921412
=650  \0$aHarpsichord$1http://www.wikidata.org/entity/Q81982$92125
=650  \0$aSonata$1http://www.wikidata.org/entity/Q131269$921653
=651  \0$aRiga (Latvia)$1http://www.wikidata.org/entity/Q1773$925900
=856  \\$uhttps://imslp.org/wiki/6_Harpsichord_Sonatas_(Doles%2C_Johann_Friedrich)$3International Music Score Library Project
=942  \\$cSCO
=952  \\$00$10$2ddc$40$6KTS_1_000000000000000_C3_03_01A15$70$8RAR$918$aORPH$bORPH$cKTS1_C3$d2020-07-08$eKoopman$l0$oKTS1 C3.03 01A15$p20140397$r2021-01-12 00:00:00$w2021-01-12$ySCO
=999  \\$d18

