=LDR  01378acm a2200277   4500
=001  22
=008  210314s1773\\\\be\||l||\||||\00|\0\eng\d
=041  \\$afre
=100  \\$aGrétry, André-Ernest-Modeste$d1741-1813$4cmp$1http://www.wikidata.org/entity/Q210962$94756
=240  \\$aop. 9
=245  \\$aLe Magnifique.$bComédie en trois actes
=250  \\$a1st ed.
=260  \\$aParis$bGrétry$c1773
=300  \\$a179 pages
=534  \\$aPremiered at the Comédie-italienne, Paris, 4 March 1773
=561  \\$aEx libris Alessandro Kraus Figlio (stamp)
=610  \0$aOpéra-Comique (Paris, France)$1http://www.wikidata.org/entity/Q872222$920953
=648  \0$a18th Century (1701-1800)$1http://www.wikidata.org/entity/Q7015$920899
=650  \0$aVocal music$1http://www.wikidata.org/entity/Q685884$93319
=650  \0$aComedy$1http://www.wikidata.org/entity/Q40831$921436
=651  \0$aParis (France)$1http://www.wikidata.org/entity/Q90$9160
=700  \\$4lbt$aSedaine, Michel-Jean$d1719-1797$1http://www.wikidata.org/entity/Q367243$97704
=856  \\$uhttps://imslp.org/wiki/Le_Magnifique_(Gr%C3%A9try%2C_Andr%C3%A9_Ernest_Modeste)$3International Music Score Library Project
=942  \\$cSCO
=952  \\$00$10$2ddc$40$6KTS_1_000000000000000_C3_03_01A20$70$8RAR$922$aORPH$bORPH$cKTS1_C3$d2020-07-08$eKoopman$l0$oKTS1 C3.03 01A20$p20140385$r2021-01-12 00:00:00$w2021-01-12$ySCO
=999  \\$d22

