=LDR  01193acm a2200253   4500
=001  24
=008  230403s1747\\\\|||||l||\||||\00|\0\eng\d
=041  \\$aeng
=059  \\$aorg/hpd
=100  \\$aAvison, Charles$d1709-1770$4cmp$1http://www.wikidata.org/entity/Q1063634$94775
=245  \\$aEight Concertos for the Organ or Harpsichord
=260  \\$aLondon$bWalsh$c[1747]
=300  \\$a31 pages
=500  \\$aExists in 2 copies
=561  \\$aEx libris Barnett (manuscript)
=590  \\$aN.B. The 1st. & 2d. Repienos, Tenors, & Basso Repieno of His Violin Concertos,, are the Instrumental Parts to ye above
=648  \0$a18th Century (1701-1800)$1http://www.wikidata.org/entity/Q7015$920899
=650  \0$aConcerto$1http://www.wikidata.org/entity/Q9748$921817
=650  \0$aKeyboard music$1http://www.wikidata.org/entity/Q105715630$921412
=650  \0$aOrgan music$1http://www.wikidata.org/entity/Q2003283$91951
=651  \0$aLondon (United Kingdom)$1http://www.wikidata.org/entity/Q84$9123
=942  \\$cSCO
=952  \\$00$10$2ddc$40$6KTS_1_000000000000000_C3_03_01A16$70$8RAR$924$aORPH$bORPH$cKTS1_C3$d2020-07-08$eKoopman$l0$oKTS1 C3.03 01A16$p20140399$r2021-01-12 00:00:00$w2021-01-12$ySCO
=999  \\$d24

