=LDR  01710aam a2200277   4500
=001  26
=008  210928s1844\\\\\\\g||||\||||\00|\0\ger\d
=041  \\$ager
=100  \\$aKiesewetter, Raphael Georg$d1773-1850$4aut$1http://www.wikidata.org/entity/Q327684$94777
=245  \\$aSchicksale und Beschaffenheit des weltlichen Gesanges$bvom frühen Mittelalter bis zu der Enfindung des dramatischen Styles und den Anfängen der Oper
=260  \\$aLeipzig$bBreitkopf & Härtel$c1844
=300  \\$axii-66-105 pages$bmusic examples
=500  \\$aRaphael Georg Kiesewetter (1773-1850) was an Austrian music historian who played a substantial role in the rediscovery of early music and whose collection of scores is now held at the Österreichische Nationalbibliothek
=534  \\$aOriginally published in 1841
=590  \\$amit musikalischen Beilagen
=648  \0$aMiddle Ages (500-1400)$1http://www.wikidata.org/entity/Q12554$920964
=648  \0$aRenaissance (1400-1600)$1http://www.wikidata.org/entity/Q4692$920965
=648  \0$a19th Century (1801-1900)$1http://www.wikidata.org/entity/Q6955$920935
=650  \0$aVocal music$1http://www.wikidata.org/entity/Q685884$93319
=650  \0$aMusic history$1http://www.wikidata.org/entity/Q846047$921373
=650  \0$aEarly music$1http://www.wikidata.org/entity/Q436016$93160
=651  \0$aGermany$1http://www.wikidata.org/entity/Q183$9155
=856  \\$uhttps://reader.digitale-sammlungen.de/de/fs1/object/display/bsb10223869_00005.html$3Bavarian State Library
=942  \\$cBOO
=952  \\$00$10$2ddc$40$6KTS_1_000000000000000_C3_03_01A24$70$8RAR$926$aORPH$bORPH$cKTS1_C3$d2020-07-08$eKoopman$i01A24$oKTS1 C3.03 01A24$p20140400$r2021-01-12 00:00:00$w2021-01-12$yBOO
=999  \\$d26

