=LDR  01484acm a2200277   4500
=001  28
=005  20250926134853.0
=008  230404s1802\\\\|||||l||\||||\00|\0\ger\d
=041  \\$ager
=059  \\$a2S2A2T2B
=100  \\$aBach, Johann Sebastian$d1685-1750$4cmp$1http://www.wikidata.org/entity/Q1339$94766
=245  \\$aMotetten in Partitur
=250  \\$a1st ed.
=260  \\$aLeipzig$bBreitkopf$c1802
=300  \\$a2 volumes (48+50 pages)
=500  \\$aFirst edition of Bach's motets
=500  \\$aContains, among others Singet dem Herrn ein neues Lied [BWV225], Komm, Jesu, komm, mein Leib [BWV229], Ich lasse dich nicht, du segnest mich [BWV Anh.III.159] Fürchte dich nicht, ich bin bey dir [BWV228] and Der Geist hilft unsrer Schwachheit [BWV226]
=590  \\$avol. 1: Drey achtstimmige Motetten; vol. 2: Eine fünf- und zwei achtstimmige Motetten
=648  \0$a18th Century (1701-1800)$1http://www.wikidata.org/entity/Q7015$920899
=650  \0$aMotet$1http://www.wikidata.org/entity/Q188285$92028
=651  \0$aLeipzig (Germany)$1http://www.wikidata.org/entity/Q2079$945
=700  \\$4edt$aSchicht, Johann Gottfried$d1753-1823$1http://www.wikidata.org/entity/Q289660$96041
=856  \\$uhttps://archive.org/details/johsebbachsmotet00bach$3Internet Archive
=942  \\$cSCO
=952  \\$00$10$2ddc$40$6KTS_1_000000000000000_C3_03_01A26_0102$70$8RAR$928$aORPH$bORPH$cKTS1_C3$d2020-07-08$eKoopman$l0$oKTS1 C3.03 01A26_01-02$p20140403$r2021-01-12 00:00:00$w2021-01-12$ySCO
=999  \\$d28

