=LDR  01492ada a2200289   4500
=001  32
=008  210302n\\\\\\\\be\||l|||||||\00|\0\fre\d
=041  \\$afre
=047  \\$asn
=059  \\$akbd 4h
=100  \\$aSmith, Theodore$dc. 1740-c. 1810$4cmp$1http://www.wikidata.org/entity/Q18954582$94781
=245  \\$aTrois Sonates en duo$bqui peuvent être exécutés [sic] par deux personnes sur un Clavecin, ou Piano Forte$nŒuvre premier
=260  \\$as.l.$c17xx
=300  \\$a14 pages
=500  \\$aThree sonatas (or 'duetti'), with primo and secundo opposite each other
=533  \\$aDigitized by iGuana, Spring 2022
=648  \0$a18th Century (1701-1800)$1http://www.wikidata.org/entity/Q7015$920899
=650  \0$aSonata$1http://www.wikidata.org/entity/Q131269$921653
=650  \0$aHarpsichord$1http://www.wikidata.org/entity/Q81982$92125
=650  \0$aPiano$1http://www.wikidata.org/entity/Q5994$92127
=650  \0$aFreedom$1http://www.wikidata.org/entity/Q310735$923033
=650  \0$aQuatre mains$1http://www.wikidata.org/entity/Q227484$922186
=856  \\$uhttps://uv-v4.netlify.app/#?manifest=https://sharedcanvas.be/IIIF/manifests/15a5ea8f-497d-11ed-8eb8-f1483358dcc3$3IIIF
=856  \\$uhttps://sharedcanvas.be/IIIF/manifests/15a5ea8f-497d-11ed-8eb8-f1483358dcc3$3IIIF manifest
=942  \\$cMS
=952  \\$00$10$2ddc$40$6KTS_1_000000000000000_C3_03_01A29$70$8RAR$932$aORPH$bORPH$cKTS1_C3$d2020-07-08$eKoopman$oKTS1 C3.03 01A29$p20136024$r2021-01-12 00:00:00$w2021-01-12$yMS
=999  \\$d32

