=LDR  01578adm a2200301   4500
=001  33
=008  210302n\\\\\\\\be\||||||||||\00|\0\fre\d
=041  \\$afre
=047  \\$asn
=059  \\$akbd 4h
=100  \\$aSmith, Theodore$dc. 1740-c. 1810$4cmp$1http://www.wikidata.org/entity/Q18954582$94781
=245  \\$aTrois sonates en duo$bqui peuvent etre executés par deux personnes, sur un Clavecin, ou Piano Forte$nŒuvre II
=260  \\$as.l.$c17xx
=300  \\$a14 pages
=500  \\$aThree sonatas ('duetti') in all, numbered IV to VI, with primo and secundo opposite each other
=533  \\$aDigitized by iGuana, Spring 2022
=561  \\$aEx libris "Beeldhouwer W. G. van Poorten Deventer" (stamp)
=648  \0$a18th Century (1701-1800)$1http://www.wikidata.org/entity/Q7015$920899
=650  \0$aSonata$1http://www.wikidata.org/entity/Q131269$921653
=650  \0$aHarpsichord$1http://www.wikidata.org/entity/Q81982$92125
=650  \0$aPiano$1http://www.wikidata.org/entity/Q5994$92127
=650  \0$aFreedom$1http://www.wikidata.org/entity/Q310735$923033
=650  \0$aQuatre mains$1http://www.wikidata.org/entity/Q227484$922186
=856  \\$uhttps://uv-v4.netlify.app/#?manifest=https://sharedcanvas.be/IIIF/manifests/7197b4a9-4a13-11ed-8178-b2d8abcf97c5$3IIIF
=856  \\$uhttps://sharedcanvas.be/IIIF/manifests/7197b4a9-4a13-11ed-8178-b2d8abcf97c5$3IIIF manifest
=942  \\$cMS
=952  \\$00$10$2ddc$40$6KTS_1_000000000000000_C3_03_01A30$70$8RAR$933$aORPH$bORPH$cKTS1_C3$d2020-07-08$eKoopman$oKTS1 C3.03 01A30$p20136025$r2021-01-12 00:00:00$w2021-01-12$yMS
=999  \\$d33

