=LDR  01346adm a2200277   4500
=001  34
=008  210302n\\\\\\\\be\||l|||||||\00|\0\fre\d
=041  \\$afre
=047  \\$asn
=059  \\$akbd 4h
=100  \\$aSmith, Theodore$dc. 1740-c. 1810$4cmp$1http://www.wikidata.org/entity/Q18954582$94781
=245  \\$aTrois sonates à quatre mains pour le clavecin ou le piano forte$nŒuvre III$nŒuvre IV
=260  \\$as.l.$c17xx
=300  \\$a16-16 pages
=500  \\$aSix sonatas (or 'duetti') in total
=533  \\$aDigitized by iGuana, Spring 2022
=648  \0$a18th Century (1701-1800)$1http://www.wikidata.org/entity/Q7015$920899
=650  \0$aSonata$1http://www.wikidata.org/entity/Q131269$921653
=650  \0$aHarpsichord$1http://www.wikidata.org/entity/Q81982$92125
=650  \0$aPiano$1http://www.wikidata.org/entity/Q5994$92127
=650  \0$aFreedom$1http://www.wikidata.org/entity/Q310735$923033
=856  \\$uhttps://uv-v4.netlify.app/#?manifest=https://sharedcanvas.be/IIIF/manifests/15a5944f-497d-11ed-8eb8-d86a56b261e5$3IIIF
=856  \\$uhttps://sharedcanvas.be/IIIF/manifests/15a5944f-497d-11ed-8eb8-d86a56b261e5$3IIIF manifest
=942  \\$cMS
=952  \\$00$10$2ddc$40$6KTS_1_000000000000000_C3_03_01A31$70$8RAR$934$aORPH$bORPH$cKTS1_C3$d2020-07-08$eKoopman$oKTS1 C3.03 01A31$p20136023$r2021-01-12 00:00:00$w2021-01-12$yMS
=999  \\$d34

