=LDR  01658acm a2200325   4500
=001  35
=008  230404b\\\\\\\\|||||l||\||||\00|\0\fre\d
=041  \\$afre
=059  \\$akbd 4h
=100  \\$aKozeluch, Leopold$d1747-1818$4cmp$1http://www.wikidata.org/entity/Q693843$94782
=240  \\$aDuo in F Major for Fortepiano 4-Hands, P. XI:3, Op. 19
=245  \\$aSonata à quatre mains pour le clavecin ou piano forte$bŒuvre X
=250  \\$a1st ed.
=260  \\$aBerlin$aAmsterdam$bHummel$cs.d.
=300  \\$a15 pages
=500  \\$aTitle page contains nr. 9 in manuscript on top corner, referring to a collection of Kozeluch-music.
=500  \\$aPlate no. 918
=500  \\$aSame work as 07F23, 08C08b, 08G42, and 26E11a
=648  \0$a18th Century (1701-1800)$1http://www.wikidata.org/entity/Q7015$920899
=650  \0$aKeyboard music$1http://www.wikidata.org/entity/Q105715630$921412
=650  \0$aSonata$1http://www.wikidata.org/entity/Q131269$921653
=650  \0$aQuatre mains$1http://www.wikidata.org/entity/Q227484$922186
=650  \0$aFreedom$1http://www.wikidata.org/entity/Q310735$923033
=650  \0$aHarpsichord$1http://www.wikidata.org/entity/Q81982$92125
=650  \0$aPiano$1http://www.wikidata.org/entity/Q5994$92127
=651  \0$1http://www.wikidata.org/entity/Q1741$aVienna (Austria)$920937
=856  \\$uhttps://imslp.org/wiki/Sonata_for_Keyboard_4_Hands%2C_Op.10_(Kozeluch%2C_Leopold)$3International Music Score Library Project
=942  \\$cSCO
=952  \\$00$10$2ddc$40$6KTS_1_000000000000000_C3_03_01A33$70$8RAR$935$aORPH$bORPH$cKTS1_C3$d2020-07-08$eKoopman$l0$oKTS1 C3.03 01A33$p20140414$r2021-01-12 00:00:00$w2021-01-12$ySCO
=999  \\$d35

