=LDR  02075acm a2200361   4500
=001  37
=005  20250923161047.0
=008  230404b\\\\\\\\|||||l||\||||\00|\0\eng\d
=041  \\$aeng
=059  \\$akbd 4h
=100  \\$aKozeluch, Leopold$d1747-1818$4cmp$1http://www.wikidata.org/entity/Q693843$94782
=240  \\$aKeyboard Sonata No. 3 in B-Flat Major, P.XI:2, Op. 8
=245  \\$aA Duett for Two Performers on One Piano Forte or Harpsichord$nOpera VIII
=260  \\$aLondon$bBabb$cbefore 1783
=300  \\$a17-[1] pages
=500  \\$aTitle page contains "5" in manuscript on top right corner, referring to a collection of Kozeluch's music? 
=500  \\$aThe book price of 3 s(hillings) is manually corrected to 2 s.
=500  \\$aS. Babb, whose publishing catalog features on the rear cover, was acquired around 1783 by Joseph Dale, who continued to publish Kozeluch's sonatas. Milan Poštolka's entry on Kozeluch in the New Grove Dictionary of Music and Musicians (2001), however, gives 1784 as the date of composition for this work, which must be incorrect.
=500  \\$aSame work as 07D40
=590  \\$aComposed by Leopoldo Kozeluch of Vienna
=648  \0$a18th Century (1701-1800)$1http://www.wikidata.org/entity/Q7015$920899
=650  \0$aKeyboard music$1http://www.wikidata.org/entity/Q105715630$921412
=650  \0$aSonata$1http://www.wikidata.org/entity/Q131269$921653
=650  \0$aQuatre mains$1http://www.wikidata.org/entity/Q227484$922186
=650  \0$aFreedom$1http://www.wikidata.org/entity/Q310735$923033
=650  \0$aPiano$1http://www.wikidata.org/entity/Q5994$92127
=650  \0$aHarpsichord$1http://www.wikidata.org/entity/Q81982$92125
=650  \0$aPrice$1http://www.wikidata.org/entity/Q160151$922382
=651  \0$1http://www.wikidata.org/entity/Q1741$aVienna (Austria)$920937
=942  \\$cSCO
=952  \\$00$10$2ddc$40$6KTS_1_000000000000000_C3_03_01A34$70$8RAR$937$aORPH$bORPH$cKTS1_C3$d2020-07-08$eKoopman$l0$oKTS1 C3.03 01A34$p20140411$r2021-01-12 00:00:00$w2021-01-12$ySCO
=999  \\$d37
=533  \\$aDigitized by iGuana, Spring 2025.

