=LDR  01867acm a2200277   4500
=001  38
=008  230404s1815\\\\|||||l||\||||\00|\0\fre\d
=041  \\$afre
=059  \\$avv pf
=100  \\$aRuppe, Christian Friedrich$d1753-1826$4cmp$1http://www.wikidata.org/entity/Q87946$94784
=245  \\$aLa Paix universelle, conclue à Paris le 20 novembre 1815, entre les puissances alliées et la France. $bPièce caractéristique pour le piano-forte op. 24
=250  \\$a1st ed.
=260  \\$aLeiden$bRuppe$c1815
=300  \\$a19 pages$bMusic-seller's stamp at foot of title page,
=500  \\$aChristian Friedrich Ruppe (1753-1826) was a composer and performer who originated from Thüringen and moved to Leiden in 1772, becoming the organist of the Lutheran Church at the Hooglandse Kerkgracht;
=500  \\$aThe Treaty of Paris of 1815, also known as the Second Treaty of Paris, was signed after the defeat and the second abdication of Napoleon Bonaparte. There were four treaties, between France and each of the four major Seventh Coalition powers: Austria, Great Britain, Prussia and Russia. All four treaties were signed on the same day (20 November 1815).
=590  \\$aComposé et Dédiée À tous les Amis de la Paix
=648  \0$a19th Century (1801-1900)$1http://www.wikidata.org/entity/Q6955$920935
=650  \0$aKeyboard music$1http://www.wikidata.org/entity/Q105715630$921412
=650  \0$aPolitics$1http://www.wikidata.org/entity/Q7163$921826
=650  \0$aWar$1http://www.wikidata.org/entity/Q198$92928
=651  \0$aParis (France)$1http://www.wikidata.org/entity/Q90$9160
=856  \\$uhttps://books.google.be/books?id=uGpUpnLmJFUC$3Google Books
=942  \\$cSCO
=952  \\$00$10$2ddc$40$6KTS_1_000000000000000_C3_03_01A36$70$8RAR$938$aORPH$bORPH$cKTS1_C3$d2020-07-08$eKoopman$l0$oKTS1 C3.03 01A36$p20140410$r2021-01-12 00:00:00$w2021-01-12$ySCO
=999  \\$d38

