=LDR  01762acm a2200301   4500
=001  39
=008  230404b\\\\\\\\|||||l||\||||\00|\0\eng\d
=041  \\$aeng
=059  \\$akbd 4h
=100  \\$aJommelli, Niccolò$d1714-1774$4cmp$1http://www.wikidata.org/entity/Q312891$94785
=240  \\$aChaconne in E flat Major op. 5 no. 13
=245  \\$aJomelli's Favourite Overture & Chaconne $bAdapted for Two Performers on One Harpsichord or Pianoforte
=260  \\$aLondon$bBirchall$c1810
=300  \\$a11 pages
=500  \\$aThe chaconne was composed in Naples, 1764
=500  \\$aThe same overture & Chaconne was arranged by several others, mainly for for one harpsichord/piano forte, for example published also by Birchall:
https://books.google.be/books/about/The_Favorite_Overture_and_Chaconne_adapt.html?id=dlZgye8hUjgC&redir_esc=y
=648  \0$a18th Century (1701-1800)$1http://www.wikidata.org/entity/Q7015$920899
=650  \0$aQuatre mains$1http://www.wikidata.org/entity/Q227484$922186
=650  \0$aKeyboard music$1http://www.wikidata.org/entity/Q105715630$921412
=650  \0$aArrangement$1http://www.wikidata.org/entity/Q379755$94282
=650  \0$aHarpsichord$1http://www.wikidata.org/entity/Q81982$92125
=650  \0$aChaconne$1http://www.wikidata.org/entity/Q841238$92977
=650  \0$aOverture$1http://www.wikidata.org/entity/Q202287$921591
=700  \\$4arr$aCarter, Thomas$dca.1735-1804$1http://www.wikidata.org/entity/Q19024932$94786
=856  \\$uhttps://drive.google.com/drive/folders/1uRgAT0gCNvz2b4TJEBCkcMU8xuMDSaI7$3Koopman Digital
=942  \\$cSCO
=952  \\$00$10$2ddc$40$6KTS_1_000000000000000_C3_03_01A35$70$8RAR$939$aORPH$bORPH$cKTS1_C3$d2020-07-08$eKoopman$l0$oKTS1 C3.03 01A35$p20140412$r2021-01-12 00:00:00$w2021-01-12$ySCO
=999  \\$d39

