=LDR  01209acm a2200229   4500
=001  42
=008  230404s1793\\\\|||||a||\||||\00|\0\eng\d
=041  \\$aeng
=059  \\$a3SAT3B ch 2 vn va vc 2ob 2tpt bn db bc
=100  \\$aHandel, George Frideric$d1685-1759$4cmp$1http://www.wikidata.org/entity/Q7302$94765
=240  \\$aHWV 66
=245  \\$aSusanna, a Sacred Oratorio. In Score, Composed in the Year 1743 
=260  \\$aLondon$bArnold$c1793
=300  \\$a205 pages
=490  \\$aThe Works of G. F. Händel, Ed. in Score$vPlate nos 131-135
=500  \\$aThe story is based on that of Susanna in chapter 13 of the Book of Daniel in the Bible. Handel composed the music in the summer of 1748 and premiered the work the next season at Covent Garden theatre, London, on 10 February 1749. 
=504  \\$ahttps://en.wikipedia.org/wiki/Susanna_(Handel)
=650  \0$aPoetry$1http://www.wikidata.org/entity/Q482$93026
=700  \\$4lbt$aMendez, Moses$d1690?-1758$1http://www.wikidata.org/entity/Q18733494$94789
=942  \\$cSCO
=952  \\$00$10$2ddc$40$6KTS_1_000000000000000_C3_03_01A38$70$8RAR$942$aORPH$bORPH$cKTS1_C3$d2020-07-08$eKoopman$l0$oKTS1 C3.03 01A38$p20140409$r2021-01-12 00:00:00$w2021-01-12$ySCO
=999  \\$d42

