=LDR  01117aam a2200217   4500
=001  43
=008  210318s1874\\\\\\\|||||\||||\00|\0\dut\d
=041  \\$adut
=245  \\$aZilveren kroningsfeest van Z. M. Willem III, Koning der Nederlanden
=260  \\$aAmsterdam$bVisser$c1874
=300  \\$a[4] pages
=500  \\$aPart of a convolute containing pieces on the 25th anniversary of Willem III's coronation
=590  \\$aProgramma der voornaamste festiviteiten te houden op 11, 12 en 13 mei 1874
=600  \0$aWilliam III$cKing of the Netherlands$d1817-1890$1http://www.wikidata.org/entity/Q125649$920986
=648  \0$a19th Century (1801-1900)$1http://www.wikidata.org/entity/Q6955$920935
=650  \0$aHistory$1http://www.wikidata.org/entity/Q309$921403
=651  \0$aNetherlands$1http://www.wikidata.org/entity/Q55$9173
=773  \\$021482$tPublications on the 25th Anniversary of Willem III's Coronation$w21482
=942  \\$cEPH
=952  \\$00$10$2ddc$40$6KTS_1_000000000000000_C3_03_01A40A$70$8RAR$943$aORPH$bORPH$cKTS1_C3$d2020-07-08$eKoopman$l0$oKTS1 C3.03 01A40a$p20140406a$r2021-01-12 00:00:00$w2021-01-12$yEPH
=999  \\$d43

