=LDR  01393aam a2200253   4500
=001  44
=008  230404s1874\\\\||||||||\||||\00|\0\dut\d
=041  \\$adut
=100  \\$aBinger, Hijman$4aut$94791
=245  \\$aHet Meifeest in 1874:$bDeclamatorium
=260  \\$aAmsterdam$bBinger$c1874
=300  \\$a24 pages
=500  \\$aPart of a convolute containing pieces on the 25th anniversary of Willem III's coronation
=500  \\$aMusical setting by Gustav Adolph Heinze
=590  \\$auitgevoerd in tegenwoordigheid van Hunne Majesteiten den Koning en de Koningin en van Hunne Koninklijke Hoogheden, bij de gala-voorstelling van 13 mei 1874 in den Stads-Schouwburg te Amsterdam
=600  \0$aWilliam III$cKing of the Netherlands$d1817-1890$1http://www.wikidata.org/entity/Q125649$920986
=648  \0$a19th Century (1801-1900)$1http://www.wikidata.org/entity/Q6955$920935
=650  \0$aLibretto$1http://www.wikidata.org/entity/Q131084$94031
=651  \0$aAmsterdam (Netherlands)$1http://www.wikidata.org/entity/Q727$9135
=773  \\$021482$tPublications on the 25th Anniversary of Willem III's Coronation$w21482
=856  \\$uhttps://books.google.be/books?id=RwVWAAAAcAAJ$3Google Books
=942  \\$cBOO
=952  \\$00$10$2ddc$40$6KTS_1_000000000000000_C3_03_01A40C$70$8RAR$944$aORPH$bORPH$cKTS1_C3$d2020-07-08$eKoopman$l0$oKTS1 C3.03 01A40c$p20140406c$r2021-01-12 00:00:00$w2021-01-12$yBOO
=999  \\$d44

