=LDR  01119aam a2200217   4500
=001  45
=008  230404s1874\\\\||||||||\||||\00|\0\dut\d
=041  \\$adut
=245  \\$aOfficieele feestgids bij het XXV jarig jubilé der inhuldiging van Z. M. Koning Willem III te Amsterdam
=260  \\$aAmsterdam$bBinger$c1874
=300  \\$a26 pages
=500  \\$aPart of a convolute containing pieces on the 25th anniversary of Willem III's coronation
=590  \\$aEenig geautoriseerde uitgave
=600  \0$aWilliam III$cKing of the Netherlands$d1817-1890$1http://www.wikidata.org/entity/Q125649$920986
=648  \0$a19th Century (1801-1900)$1http://www.wikidata.org/entity/Q6955$920935
=650  \0$aHistory$1http://www.wikidata.org/entity/Q309$921403
=651  \0$aAmsterdam (Netherlands)$1http://www.wikidata.org/entity/Q727$9135
=773  \\$021482$tPublications on the 25th Anniversary of Willem III's Coronation$w21482
=942  \\$cBOO
=952  \\$00$10$2ddc$40$6KTS_1_000000000000000_C3_03_01A40B$70$8RAR$945$aORPH$bORPH$cKTS1_C3$d2020-07-08$eKoopman$l0$oKTS1 C3.03 01A40b$p20140406b$r2021-01-12 00:00:00$w2021-01-12$yBOO
=999  \\$d45

