=LDR  01433aam a2200265   4500
=001  46
=008  230404s1874\\\\||||||||\||||\00|\0\dut\d
=041  \\$adut
=100  \\$aKate, J. J. L. ten$d1819-1889$4aut$1http://www.wikidata.org/entity/Q1869897$94792
=245  \\$aFeest-cantate
=260  \\$aAmsterdam$bBinger$c1874
=300  \\$a7 pages
=500  \\$aPart of a convolute containing pieces on the 25th anniversary of Willem III's coronation
=500  \\$aJ. J. L. ten Kate (1819-1889) was a poet and pastor
=500  \\$amusical setting by Joh. J. H. Verhulst
=590  \\$ater gelegenheid van Z. M. des Konings vijf-en-twintig-jarig krooningsfeest. Uitgevoerd Dingsdag 12 Mei 1874 in de Nieuwe Kerk te Amsterdam
=600  \0$aWilliam III$cKing of the Netherlands$d1817-1890$1http://www.wikidata.org/entity/Q125649$920986
=648  \0$a19th Century (1801-1900)$1http://www.wikidata.org/entity/Q6955$920935
=650  \0$aLibretto$1http://www.wikidata.org/entity/Q131084$94031
=650  \0$aCantata$1http://www.wikidata.org/entity/Q174873$921603
=651  \0$aAmsterdam (Netherlands)$1http://www.wikidata.org/entity/Q727$9135
=773  \\$021482$tPublications on the 25th Anniversary of Willem III's Coronation$w21482
=942  \\$cBOO
=952  \\$00$10$2ddc$40$6KTS_1_000000000000000_C3_03_01A40D$70$8RAR$946$aORPH$bORPH$cKTS1_C3$d2020-07-08$eKoopman$l0$oKTS1 C3.03 01A40d$p20140406d$r2021-01-12 00:00:00$w2021-01-12$yEPH
=999  \\$d46

