=LDR  03723aam a2200637   4500
=001  50
=008  210419s1760\\\\\\\g||||\||||\00|\0\dut\d
=041  \\$adut$hger
=059  \\$akbd
=100  \\$aMarpurg, Friedrich Wilhelm$d1718-1795$4aut$1http://www.wikidata.org/entity/Q548897$94794
=245  \\$aAanleiding tot het clavier-speelen
=250  \\$a1st ed.
=260  \\$aAmsterdam$bHummel$c1760
=300  \\$a[iv]-50 pages$b7 folded pages of music examples
=500  \\$aJacob Wilhelm Lustig (1706-1796) is one of Ton Koopman's favorite authors ("he wrote in Dutch beautifully" - Koopman 2016, 675)
=500  \\$aIn the 'Vorreede', Marpurg promises to cater to both "Liefhebbers, die alles, wat 'er tot zeker eene zaak behoort, in boeken, byeen verlangen" as to "Liefhebbers, die het vorrecht van goet mondeling onderwys of nie allenthalve, of niet lang genoeg, konnen genieten."
=534  \\$aOriginally published in 1755
=561  \\$aex libris T. Wirth (signature)
=590  \\$aVolgens de hedendaagsche luisterryker manier van uitvoering opgestelt door den beroemden Friedrich Wilhelm Marburg, Muziekkundige en Componist te Berlyn. Met zeven Nooten-Tabula's. Uit het Hoogduitsche vertaalt en met ophelderende Byvoegselen voorzien door Jacob Wilhelm Lustig, Organist van de groote Kerk te Groningen.
=648  \0$a18th Century (1701-1800)$1http://www.wikidata.org/entity/Q7015$920899
=650  \0$aMethod$1http://www.wikidata.org/entity/Q2250960$921402
=650  \0$aKeyboard music$1http://www.wikidata.org/entity/Q105715630$921412
=651  \0$aGermany$1http://www.wikidata.org/entity/Q183$9155
=651  \0$aNetherlands$1http://www.wikidata.org/entity/Q55$9173
=653  \0$aaccentuatie in maat$325$020145663$w01B01$928445
=653  \0$aamateur-beroeps$38$020145663$w01B01$928641
=653  \0$aartikulatie$312, 13$020145663$w01B01$928817
=653  \0$aBach, C.P.E.$328, 31, 32$020145663$w01B01$928902
=653  \0$acon discretione$312$020145663$w01B01$930648
=653  \0$apantalon / pantaleon$313$020145663$w01B01$935744
=653  \0$apianoforte$313, 25$020145663$w01B01$935944
=653  \0$adynamiek$314, 25$020145663$w01B01$931346
=653  \0$aemoties$311$020145663$w01B01$931445
=653  \0$aGeigenwerk$314, 15$020145663$w01B01$932083
=653  \0$atempo$310-12$020145663$w01B01$936814
=653  \0$atoucher$33$020145663$w01B01$937044
=653  \0$atriller$36, 7, 29$020145663$w01B01$937111
=653  \0$atriller_vingerzetting$340, 41$020145663$w01B01$937136
=653  \0$avingerzetting$333-48, tab II-VII$020145663$w01B01$937568
=653  \0$aklavecimbel$33$020145663$w01B01$933450
=653  \0$aklavecimbelles$36-8$020145663$w01B01$933537
=653  \0$aklavichord$33, 13, 25$020145663$w01B01$933553
=653  \0$aklavichord_Duitsland 18e eeuw$33, 13, 14$020145663$w01B01$933573
=653  \0$aLustig, J.W.$3wb$020145663$w01B01$934291
=653  \0$amordent$36, 7, 29$020145663$w01B01$934868
=653  \\$aBebung$313, 22, 23$929306$020145663$w01B01
=653  \\$aclavecin d'archet$325$930512$020145663$w01B01
=653  \\$agesticuleren$33, 5, 13$932158$020145663$w01B01
=653  \\$aklavichord_als oefeninstrument$33$933567$020145663$w01B01
=653  \\$avingerzetting_tertsen$3tab iv$937573$020145663$w01B01
=700  \\$4trl$aLustig, Jacob Wilhelm$d1706-1796$1http://www.wikidata.org/entity/Q1677671$95820
=765  \\$aAnleitung zum Clavierspielen
=856  \\$uobjects.library.uu.nl/reader/index.php?obj=1874-24661$3University of Utrecht
=942  \\$cBOO
=952  \\$00$10$2ddc$40$6KTS_1_000000000000000_C3_26_01B01$70$8RAR$950$aORPH$bORPH$cKTS1_C3$d2020-07-08$eKoopman$l0$oKTS1 C3.26 01B01$p20145663$r2021-01-12 00:00:00$w2021-01-12$yBOO
=999  \\$d50

