=LDR  01827acm a2200325   4500
=001  51
=005  20250926134853.0
=008  210419s1830\\\\\\\||l||\||||\00|\0\fre\d
=024  \\$2Correspondance Musicale$aPlate no. 1905
=041  \\$afre
=059  \\$akbd
=100  \\$aBach, Johann Sebastian$d1685-1750$4cmp$1http://www.wikidata.org/entity/Q1339$94766
=240  \\$aThe Well-Tempered Clavier part I (BWV 846–869) 
=245  \\$aLe Clavecin bien tempéré ou Préludes et fugues, 1ère partie. $bDans tous les tons et demi-tons sur les modes majeurs et mineurs
=260  \\$aThe Hague$bCorrespondance Musicale$c1830
=300  \\$a87 pages
=563  \\$aModern binding, with marbled cardboard cover and leather spine
=590  \\$aEdition nouvelle, soigneusement revue, corrigée et doigtée, ainsi que pourvue de notifications sur l'exécution et sur les mesures des temps (d'après de Métronome de Maelzel) et accompagnée d'une préface
=648  \0$a18th Century (1701-1800)$1http://www.wikidata.org/entity/Q7015$920899
=648  \0$a19th Century (1801-1900)$1http://www.wikidata.org/entity/Q6955$920935
=650  \0$aKeyboard music$1http://www.wikidata.org/entity/Q105715630$921412
=650  \0$aFugue$1http://www.wikidata.org/entity/Q181014$93142
=650  \0$aPrelude$1http://www.wikidata.org/entity/Q212148$921947
=700  \\$4edt$aCzerny, Carl$d1791-1857$1http://www.wikidata.org/entity/Q215333$96032
=765  \\$aDas wohltemperirte Clavier
=856  \\$uhttps://drive.google.com/drive/folders/1w7eWNw2CqqfUPnG3r6bi6dpV9VeWICNK$3Koopman Digital
=942  \\$cSCO
=952  \\$00$10$2ddc$40$6KTS_1_000000000000000_C3_03_01A41$70$8RAR$951$aORPH$bORPH$cKTS1_C3$d2020-07-08$eKoopman$l0$oKTS1 C3.03 01A41$p20140416$r2021-01-12 00:00:00$w2021-01-12$ySCO
=999  \\$d51
=533  \\$aDigitized by iGuana, Spring 2025.

