=LDR  01871aam a2200277   4500
=001  52
=008  230808s1767\\\\|||afg||\||||\00|\0\ita\d
=041  \\$aita
=100  1\$aTestori, Carlo Giovanni$d1714-1782$4aut$1http://www.wikidata.org/entity/Q3659433$94797
=245  \\$aLa musica ragionata :$bespressa famigliarmente in dodici passeggiate a dialogo
=250  \\$a1st ed.
=260  \\$aVercelli$bPanialis$c1767
=300  \\$a[viii]-cli-[1] pages$b22 folded sheets of music examples
=500  \\$aCarlo Giovanni Testori (1714-1782) was an Italian composer, violinist and music theorist. In his birthplace Vercelli, he was active as a music teacher and violin professor. He composed masses, motets and instrumental music but his fame is mainly linked to the treatise 'La musica ragionata', published in Vercelli by Giuseppe Panialis in 1767. In this and subsequent works (based on Rameau's theory), Testori summarises the treatises of the 17th and 18th centuries, expounding musical notions in the form of lively and witty dialogue.
=563  \\$abound in white vellum
=600  \0$1http://www.wikidata.org/entity/Q1145$aRameau, Jean-Philippe$d1683-1764$94787
=648  \0$1http://www.wikidata.org/entity/Q7015$a18th Century (1701-1800)$920899
=650  \0$aMusic theory$1http://www.wikidata.org/entity/Q193544$92662
=650  \0$aHarmony$1http://www.wikidata.org/entity/Q184421$92358
=650  \0$aCounterpoint$1http://www.wikidata.org/entity/Q186393$921487
=650  \0$aComposing$1http://www.wikidata.org/entity/Q92186587$93076
=651  \0$aPiedmont (Italy)$926090
=856  \\$uhttps://archive.org/details/lamusicaragionat00test/page/1$3Internet Archive
=942  \\$cBOO
=952  \\$00$10$2ddc$40$6KTS_1_000000000000000_C3_26_01B03$70$8RAR$952$aORPH$bORPH$cKTS1_C3$d2020-07-08$eKoopman$l0$oKTS1 C3.26 01B03$p20145665$r2021-01-12 00:00:00$w2021-01-12$yBOO
=999  \\$d52

