=LDR  00895aam a2200217   4500
=001  53
=008  230808b\\\\\\\\|||a||||\||||\00|\0\fre\d
=041  \\$afre
=245  \\$aPrincipes de lecture
=260  \\$as.l.$bs.n.$c18xx [?]
=300  \\$a112 pages
=500  \\$aFrench method for learning to read, followed by a small encyclopedia
=500  \\$adensely annotated in pencil and colorations
=561  \\$aEx libris A. Delfosse (stamp)
=648  \0$1http://www.wikidata.org/entity/Q6955$a19th Century (1801-1900)$920935
=650  \0$aDictionary$1http://www.wikidata.org/entity/Q23622$921580
=650  \0$aLinguistics$1http://www.wikidata.org/entity/Q8162$93902
=650  \0$aEducation$926206
=942  \\$cBOO
=952  \\$00$10$2ddc$40$6KTS_1_000000000000000_C3_26_01B02$70$8RAR$953$aORPH$bORPH$cKTS1_C3$d2020-07-08$eKoopman$l0$oKTS1 C3.26 01B02$p20145664$r2021-01-12 00:00:00$w2021-01-12$yBOO
=999  \\$d53

