=LDR  01638    a2200301   4500
=001  54
=008  210426n\\\\\\\\\\\||l|||||||\00|\0\mul\d
=041  \\$adut$dlat
=059  \\$av
=245  \\$aVesperale; Antiphonale; [Dutch poems]
=260  \\$as.l.$bs.n.$cs.d.
=300  \\$a74-16 pages
=500  \\$aPrinted and manuscript quarto with plainchant (on staffs with five lines) and poems in different hands
=500  \\$aAt p. [26], a different hand noted "Bidt voor mij, Maritie, F. H. S. Meijnders"
=505  \\$gVesperale -- Antiphonale -- some pages of plainchant -- blank pages -- poem -- Additamentum ad Graduale romanum (Bassus and Chorus parts)
=533  \\$aDigitized by Iguana, Spring 2022
=650  \0$aPlainchant$1http://www.wikidata.org/entity/Q2707688$921363
=650  \0$aAntiphonary$1http://www.wikidata.org/entity/Q1385360$921617
=650  \0$aCatholicism$1http://www.wikidata.org/entity/Q1841$921631
=650  \0$aPoetry$1http://www.wikidata.org/entity/Q482$93026
=653  \0$acapella$3slotcatern$020136021$w01B04$930216
=653  \0$aop de wijze van$3middle of book$020136021$w01B04$935397
=653  \0$ameer benutten zelfde partituur$3slotcatern$020136021$w01B04$934589
=856  \\$uhttps://uv-v4.netlify.app/#?manifest=https://sharedcanvas.be/IIIF/manifests/d8bc6942-49a2-11ed-84f2-f2c919d7139a$3IIIF
=856  \\$uhttps://sharedcanvas.be/IIIF/manifests/d8bc6942-49a2-11ed-84f2-f2c919d7139a$3IIIF manifest
=942  \\$cMS
=952  \\$00$10$2ddc$40$6KTS_1_000000000000000_C3_26_01B04$70$8RAR$954$aORPH$bORPH$cKTS1_C3$d2020-07-08$eKoopman$oKTS1 C3.26 01B04$p20136021$r2021-01-12 00:00:00$w2021-01-12$yMS
=999  \\$d54

