=LDR  01753    a2200349   4500
=001  55
=008  230814s1757\\\\|||a||||\||||\00|\0\ger\d
=041  \\$ager
=100  \\$aMarpurg, Friedrich Wilhelm$d1718-1795$4aut$1http://www.wikidata.org/entity/Q548897$94794
=245  \\$aAnfangsgründe der theoretischen Musik
=250  \\$a1st ed.
=260  \\$aLeipzig$bBreitkopf$c1757
=300  \\$a[vi]-176 pages
=561  \\$aEx libris Musikalische Bibliothek von Eberhard von Wintzingerode (plate)
=650  \0$aMethod$1http://www.wikidata.org/entity/Q2250960$921402
=650  \0$aMusic theory$1http://www.wikidata.org/entity/Q193544$92662
=650  \0$aHarmony$1http://www.wikidata.org/entity/Q184421$92358
=650  \0$aTemperament$1http://www.wikidata.org/entity/Q55073971$921656
=651  \0$1http://www.wikidata.org/entity/Q183$aGermany$9155
=653  \0$aakoestiek$33-24$020145676$w01B13$928552
=653  \0$aNeidhardt$3153$020145676$w01B13$935195
=653  \0$aSorge$3153$020145676$w01B13$936375
=653  \0$atemperatuur$352, 109, 119, 158$020145676$w01B13$936807
=653  \0$avolume$37$020145676$w01B13$937724
=653  \0$aMersenne$312$020145676$w01B13$934691
=653  \0$amuziek$31, 2, 2003$020145676$w01B13$934990
=653  \\$acomma$339, 40, 111, 135$930613$020145676$w01B13
=653  \\$amonochord_meting$324, 25, 26, 27, 28, 29, 30, 31, 172$934825$020145676$w01B13
=856  \\$uhttps://imslp.org/wiki/Anfangsgr%C3%BCnde_der_theoretischen_Musik_(Marpurg%2C_Friedrich_Wilhelm)$3International Music Score Library Project
=942  \\$cBOO
=952  \\$00$10$2ddc$40$6KTS_1_000000000000000_C3_26_01B13$70$8RAR$955$aORPH$bORPH$cKTS1_C3$d2020-07-08$eKoopman$l0$oKTS1 C3.26 01B13$p20145676$r2021-01-12 00:00:00$w2021-01-12$yBOO
=999  \\$d55

