=LDR  01480acm a2200241   4500
=001  56
=008  230814s1694\\\\|||||l||\||||\00|\0\ger\d
=041  \\$ager$dlat$dger
=059  \\$av bc
=245  \\$aHundert ahnmuthig- und sonderbahr geistlicher Arien vieler Herzen Verlangen
=260  \\$aDresden$bMathesischer Druckerei$c1694
=300  \\$a182-[6] pages
=500  \\$aSome of the melodies are with Latin and German text, most have references to the Neue Gesangbuch mentioned on the title page; a few with indication of the composer, e.g. Paul Gerhardt, Schein, Spener.
=590  \\$azu gefälligem Vergnügen, unter Discant und Bass herausgegeben und dem Neuen Gesang-Buche, wohin die Anweisungen der Melodien zielen, als ein Ahnhang beigeleget
=648  \0$1http://www.wikidata.org/entity/Q7016$a17th Century (1601-1700)$920923
=650  \0$aSong$1http://www.wikidata.org/entity/Q7366$94164
=650  \0$aReligion$1http://www.wikidata.org/entity/Q9174$93062
=650  \0$aBasso continuo$1http://www.wikidata.org/entity/Q724321$921065
=651  \0$1http://www.wikidata.org/entity/Q1731$aDresden (Germany)$947
=856  \\$uhttps://opendata.uni-halle.de/viewers/iiif-image.jsp?manifest=https%3A%2F%2Fdigitale.bibliothek.uni-halle.de%2Fi3f%2Fv20%2F5174270%2Fmanifest$3IIIF
=942  \\$cSCO
=952  \\$00$10$2ddc$40$6KTS_1_000000000000000_C3_26_01B14$70$8RAR$956$aORPH$bORPH$cKTS1_C3$d2020-07-08$eKoopman$l0$oKTS1 C3.26 01B14$p20145675$r2021-01-12 00:00:00$w2021-01-12$ySCO
=999  \\$d56

