=LDR  01610aam a2200265   4500
=001  57
=008  221006s1798\\\\||||||||\||||\00|\0\ger\d
=041  \\$ager
=100  \\$aDaube, Johann Friedrich$d1733-1797$4aut$1http://www.wikidata.org/entity/Q262588$94798
=245  \\$aAnleitung zum Selbstunterricht in der musikalischen Komposition sowhl für die instrumental- als Vokal-Musik
=250  \\$a2nd ed.; 1st ed.
=260  \\$aVienna$bSchaumburg$c1798
=300  \\$a2 vols. in 1 (52+68 pages)
=500  \\$avol. 1 is the second edition, vol. 2 is the first
=534  \\$aOriginally published in 1797-98
=561  \\$aEx libris M. Bauer + AD (ms.)
=590  \\$aVon Johann Friedrich Daube, Rath und erster Secretair der von weyland Kaiser Franz I. gestifteten Akademie der Wissenschaften in Augsburg. Erster Teil: Von Erfindung der Melodie und ihrer Fortsetzung... Zweiter Teil, welcher die Composition enthält.
=648  \0$a18th Century (1701-1800)$1http://www.wikidata.org/entity/Q7015$920899
=650  \0$aMethod$1http://www.wikidata.org/entity/Q2250960$921402
=650  \0$aComposing$1http://www.wikidata.org/entity/Q92186587$93076
=651  \0$aVienna (Austria)$1http://www.wikidata.org/entity/Q1741$920937
=856  \\$uhttps://daten.digitale-sammlungen.de/0001/bsb00012505/images/index.html?id=00012505&groesser=&fip=eayayztsewqeayayztseayaqrsxdsydeayaqrs&no=3&seite=5$3Bavarian State Library
=942  \\$cBOO
=952  \\$00$10$2ddc$40$6KTS_1_000000000000000_C3_26_01B15$70$8RAR$957$aORPH$bORPH$cKTS1_C3$d2020-07-08$eKoopman$l0$oKTS1 C3.26 01B15$p20145674$r2021-01-12 00:00:00$w2021-01-12$yBOO
=999  \\$d57

