=LDR  02545    a2200469   4500
=001  58
=008  220425s1759\\\\|||agf||\||||\00|\0\ger\d
=041  \\$ager
=100  \\$aMarpurg, Friedrich Wilhelm$d1718-1795$4aut$1http://www.wikidata.org/entity/Q548897$94794
=245  \\$aKritische Einleitung in die Geschichte und Lehrsätze der alten und neuen Musik
=250  \\$a1st ed.
=260  \\$aBerlin$bLange$c1759
=300  \\$a[x]-246-[8] pages$b8 plates with illustrations and music examples inserted
=500  \\$aOriginally indexed in facsimile exemplar, which was then disposed of with the index photocopied
=648  \0$aClassical Antiquity (8th Century BC-6th Century AD)$1http://www.wikidata.org/entity/Q486761$921435
=648  \0$a18th Century (1701-1800)$1http://www.wikidata.org/entity/Q7015$920899
=650  \0$aMusic history$1http://www.wikidata.org/entity/Q846047$921373
=650  \0$aMusic criticism$1http://www.wikidata.org/entity/Q11748889$921598
=651  \0$aGermany$1http://www.wikidata.org/entity/Q183$9155
=653  \0$aBonnet$3X1, X2a$020145677$w01B16$929751
=653  \0$aBononcini$392$020145677$w01B16$929756
=653  \0$aNeidhardt$3165$020145677$w01B16$935195
=653  \0$aorgel_middeleeuwen$3219$020145677$w01B16$935515
=653  \0$aoud-nieuw$391, 92, 93, 180, 224, 225, 226$020145677$w01B16$935651
=653  \0$aemoties$379, 91, 183$020145677$w01B16$931445
=653  \0$aPraetorius, M.$3211$020145677$w01B16$936131
=653  \0$astilo recitativo$359$020145677$w01B16$936597
=653  \0$aGalilei$3194$020145677$w01B16$931980
=653  \0$aGaluppi, B.$392$020145677$w01B16$931993
=653  \0$atemperatuur$3144, 165$020145677$w01B16$936807
=653  \0$aVossius, I. $3180$020145677$w01B16$937786
=653  \0$awaterorgel$3218, 219, 220$020145677$w01B16$937876
=653  \0$aRameau, J.Ph.$392$020145677$w01B16$938230
=653  \0$aSarti$392$020145677$w01B16$938760
=653  \0$aLully, J.B.$391, 92$020145677$w01B16$934276
=653  \0$aMeibom$393$020145677$w01B16$934612
=653  \0$amuziek$379$020145677$w01B16$934990
=653  \\$aPrintz, C.$3X1, X2a, 67$936210$020145677$w01B16
=856  \\$uhttps://imslp.org/wiki/Kritische_Einleitung_in_die_Geschichte_und_Lehrs%C3%A4tze_der_alten_und_neuen_Musik_(Marpurg%2C_Friedrich_Wilhelm)$3International Music Score Library Project
=942  \\$cBOO
=952  \\$00$10$2ddc$40$6KTS_1_000000000000000_C3_26_01B16$70$8RAR$958$aORPH$bORPH$cKTS1_C3$d2020-07-08$eKoopman$oKTS1 C3.26 01B16$p20145677$r2021-01-12 00:00:00$w2021-01-12$yBOO
=999  \\$d58

