=LDR  01564aam a2200289   4500
=001  60
=008  230814s1776\\\\|||afg||\||||\00|\0\ger\d
=041  \\$ager
=100  \\$aMarpurg, Friedrich Wilhelm$d1718-1795$4aut$1http://www.wikidata.org/entity/Q548897$94794
=245  \\$aVersuch über die musikalische Temperatur
=250  \\$a1st ed.
=260  \\$aWrocław$bKern$c1776
=300  \\$axiv-319 pages$b4 folded sheets of music examples
=561  \\$aEx libris F.T. Schulze (manuscript)
=590  \\$anebst einem Anhang über den Rameau- und Kirnbergerschen Grundbaß
=600  \0$1http://www.wikidata.org/entity/Q1145$aRameau, Jean-Philippe$d1683-1764$94787
=600  \0$1http://www.wikidata.org/entity/Q505543$aKirnberger, Johann Philipp$d1721-1783$95305
=648  \0$1http://www.wikidata.org/entity/Q7015$a18th Century (1701-1800)$920899
=650  \0$aMusic theory$1http://www.wikidata.org/entity/Q193544$92662
=650  \0$aOrganology$1http://www.wikidata.org/entity/Q899293$921400
=650  \0$aHarmony$1http://www.wikidata.org/entity/Q184421$92358
=650  \0$aTemperament$1http://www.wikidata.org/entity/Q55073971$921656
=651  \0$1http://www.wikidata.org/entity/Q183$aGermany$9155
=856  \\$uhttps://imslp.org/wiki/Versuch_%C3%BCber_die_musikalische_Temperatur_(Marpurg%2C_Friedrich_Wilhelm)$3International Music Score Library Project
=942  \\$cBOO
=952  \\$00$10$2ddc$40$6KTS_1_000000000000000_C3_26_01B18$70$8RAR$960$aORPH$bORPH$cKTS1_C3$d2020-07-08$eKoopman$l0$oKTS1 C3.26 01B18$p20145679$r2021-01-12 00:00:00$w2021-01-12$yBOO
=999  \\$d60

