=LDR  03219aam a2200337   4500
=001  61
=008  230808s1774\\\\|||acf||\||||\00|\0\lat\d
=041  \\$alat
=100  \\$aCicero, Marcus Tullius$d106-43 BC$4aut$1http://www.wikidata.org/entity/Q1541$94799
=245  \\$aOpera omnia
=260  \\$aHalle a.d. Saale$bWaisenhaus [Orphanotropheum]$c1774
=300  \\$a8 volumes (lxxxvi-xvi-734-[1]+xxii-1696-[1]+xvi-1166-[2]+viii-1200+xvi-910 pages)
=500  \\$aComplete; contains vols. I, II/1, II,2 (Orationes), III/1, III/2 (Epistolæ ad Atticum, Q. Fratrem et Brutum), IV/1, IV/2 (Opera philosoph[ica] Fragmenta scriptorum deperitorum) and a Clavis.
=520  \\$aMarcus Tullius Cicero (106 BC-43 BC) was a Roman statesman, lawyer, scholar, philosopher, writer and Academic skeptic, who tried to uphold optimate principles during the political crises that led to the establishment of the Roman Empire. His extensive writings include treatises on rhetoric, philosophy and politics. He is considered one of Rome's greatest orators and prose stylists and the innovator of what became known as "Ciceronian rhetoric".
=648  \0$1http://www.wikidata.org/entity/Q486761$aClassical Antiquity (8th Century BC-6th Century AD)$921435
=648  \0$1http://www.wikidata.org/entity/Q7015$a18th Century (1701-1800)$920899
=650  \0$aPhilosophy$1http://www.wikidata.org/entity/Q5891$92357
=650  \0$aRhetoric$1http://www.wikidata.org/entity/Q81009$93894
=650  \0$aPolitics$1http://www.wikidata.org/entity/Q7163$921826
=651  \0$aRome (Italy)$1http://www.wikidata.org/entity/Q220$949
=700  \\$1http://www.wikidata.org/entity/Q72076$4edt$aErnesti, Johann August$d1707-1781$97156
=942  \\$cBOO
=952  \\$00$10$2ddc$40$6KTS_1_000000000000000_C3_26_01B05$70$8RAR$961$aORPH$bORPH$cKTS1_C3$d2020-07-08$eKoopman$l0$oKTS1 C3.26 01B05$p20145666$r2021-01-12 00:00:00$w2021-01-12$yBOO
=952  \\$00$10$2ddc$40$6KTS_1_000000000000000_C3_26_01B06$70$8RAR$922871$aORPH$bORPH$cKTS1_C3$d2020-07-08$eKoopman$l0$oKTS1 C3.26 01B06$p20145667$r2023-08-08 00:00:00$w2021-01-12$yBOO
=952  \\$00$10$2ddc$40$6KTS_1_000000000000000_C3_26_01B07$70$8RAR$922872$aORPH$bORPH$cKTS1_C3$d2020-07-08$eKoopman$l0$oKTS1 C3.26 01B07$p20145668$r2023-08-08 00:00:00$w2021-01-12$yBOO
=952  \\$00$10$2ddc$40$6KTS_1_000000000000000_C3_26_01B08$70$8RAR$922873$aORPH$bORPH$cKTS1_C3$d2020-07-08$eKoopman$l0$oKTS1 C3.26 01B08$p20145669$r2023-08-08 00:00:00$w2021-01-12$yBOO
=952  \\$00$10$2ddc$40$6KTS_1_000000000000000_C3_26_01B09$70$8RAR$922874$aORPH$bORPH$cKTS1_C3$d2020-07-08$eKoopman$l0$oKTS1 C3.26 01B09$p20145670$r2023-08-08 00:00:00$w2021-01-12$yBOO
=952  \\$00$10$2ddc$40$6KTS_1_000000000000000_C3_26_01B10$70$8RAR$922875$aORPH$bORPH$cKTS1_C3$d2020-07-08$eKoopman$l0$oKTS1 C3.26 01B10$p20145671$r2023-08-08 00:00:00$w2021-01-12$yBOO
=952  \\$00$10$2ddc$40$6KTS_1_000000000000000_C3_26_01B11$70$8RAR$922876$aORPH$bORPH$cKTS1_C3$d2020-07-08$eKoopman$l0$oKTS1 C3.26 01B11$p20145672$r2023-08-08 00:00:00$w2021-01-12$yBOO
=952  \\$00$10$2ddc$40$6KTS_1_000000000000000_C3_26_01B12$70$8RAR$922877$aORPH$bORPH$cKTS1_C3$d2020-07-08$eKoopman$l0$oKTS1 C3.26 01B12$p20145673$r2023-08-08 00:00:00$w2021-01-12$yBOO
=999  \\$d61

