=LDR  01705aam a2200277   4500
=001  62
=008  230814s1721\\\\|||cf|||\||||\00|\0\mul\d
=041  \\$alat$agrc
=245  \\$aDe falsa legatione, oratio
=260  \\$aOxford$bSheldonian Theatre$c1721
=300  \\$a[viii]-240-108-[12] pages
=500  \\$a"On the False Embassy" (Ancient Greek: Περὶ τῆς παραπρεσβείας) is the name of two famous judicial orations, both delivered in 343 BC by the prominent Athenian statesmen and fierce opponents, Demosthenes and Aeschines.
=500  \\$aContains portraits of both authors
=561  \\$aEx libris Maclean of Ardgour (plate)
=563  \\$aBound in brown leather
=590  \\$aCum Latina Hier. Wolfii versione, plurimis in locis emendata, necnon Budaei aliorumque notis. His accedunt in Demosthenis orationem Ulpiani scholia, aliaque anonymi cujusdam in Aeschinis orationem nunc primum edita, & Indices praeterea necessarii
=648  \0$1http://www.wikidata.org/entity/Q486761$aClassical Antiquity (8th Century BC-6th Century AD)$921435
=648  \0$1http://www.wikidata.org/entity/Q7015$a18th Century (1701-1800)$920899
=650  \0$aRhetoric$1http://www.wikidata.org/entity/Q81009$93894
=650  \0$aPolitics$1http://www.wikidata.org/entity/Q7163$921826
=651  \0$1http://www.wikidata.org/entity/Q41$aGreece$921778
=700  \\$1http://www.wikidata.org/entity/Q117253$4aut$aDemosthenes$94801
=700  0\$1http://www.wikidata.org/entity/Q317089$4aut$aAeschines$926427
=942  \\$cBOO
=952  \\$00$10$2ddc$40$6KTS_1_000000000000000_C3_26_01B19$70$8RAR$962$aORPH$bORPH$cKTS1_C3$d2020-07-08$eKoopman$l0$oKTS1 C3.26 01B19$p20145680$r2021-01-12 00:00:00$w2021-01-12$yBOO
=999  \\$d62

