=LDR  02067aam a2200265   4500
=001  63
=008  230814s1665\\\\|||af|||\||||\00|\p\grc\d
=041  \\$agrc$alat
=100  \\$aHomeros$d9th Century BC-8th Century BC$4aut$1http://www.wikidata.org/entity/Q6691$94802
=245  \\$aIlias
=260  \\$aOxford$bs.n.$c1665
=300  \\$a[xiii]-767-139-[1] pages$bengraved frontispiece & folded, illustrated sheet inserted
=500  \\$aThe Iliad ("a poem about Ilium (Troy)") is one of two major ancient Greek epic poems attributed to Homer. It is one of the oldest extant works of literature still widely read by modern audiences. As with the Odyssey, the poem is divided into 24 books and was written in dactylic hexameter. It contains 15,693 lines in its most widely accepted version. Set towards the end of the Trojan War, a ten-year siege of the city of Troy by a coalition of Mycenaean Greek states, the poem depicts significant events in the siege's final weeks. In particular, it depicts a fierce quarrel between King Agamemnon and a celebrated warrior, Achilles. It is a central part of the Epic Cycle. The Iliad is often regarded as the first substantial piece of European literature.
=500  \\$afor other editions see also: X3B22 and 09F02 
=561  \\$aEx libris Gilbert Wakefield 1797, John P. Smith 1803 & Gilbert D. Jennings 1928 (manuscript)
=563  \\$abound in brown leather
=648  \0$1http://www.wikidata.org/entity/Q486761$aClassical Antiquity (8th Century BC-6th Century AD)$921435
=648  \0$1http://www.wikidata.org/entity/Q7016$a17th Century (1601-1700)$920923
=650  \0$aMythology$1http://www.wikidata.org/entity/Q9134$921600
=650  \0$aPoetry$1http://www.wikidata.org/entity/Q482$93026
=650  \0$aLiterature$1http://www.wikidata.org/entity/Q8242$94439
=651  \0$1http://www.wikidata.org/entity/Q41$aGreece$921778
=942  \\$cBOO
=952  \\$00$10$2ddc$40$6KTS_1_000000000000000_C3_26_01B20$70$8RAR$963$aORPH$bORPH$cKTS1_C3$d2020-07-08$eKoopman$l0$oKTS1 C3.26 01B20$p20145686$r2021-01-12 00:00:00$w2021-01-12$yBOO
=999  \\$d63

