=LDR  01082aam a2200217   4500
=001  64
=008  230814s1871\\\\|||a||||\||||\00|\p\dut\d
=041  \\$adut
=100  \\$aTollens, Hendrik$d1780-1856$4aut$1http://www.wikidata.org/entity/Q127348$94803
=245  \\$aGezamenlijke dichtwerken
=260  \\$aLeeuwarden$bSuringar$c1871
=300  \\$aviii-[448] pages
=500  \\$aSo-called 'Volksuitgave', being a cheaper re-edition of the 12-volume from 1855 (reprinted 1870)
=500  \\$aHendrik Tollens (1780-1856) was considered the greatest Dutch poet in his time. His work is highly religious, patriotic and patriarchal
=500  \\$apagination in (896) columns
=648  \0$1http://www.wikidata.org/entity/Q6955$a19th Century (1801-1900)$920935
=650  \0$aPoetry$1http://www.wikidata.org/entity/Q482$93026
=651  \0$1http://www.wikidata.org/entity/Q55$aNetherlands$9173
=942  \\$cBOO
=952  \\$00$10$2ddc$40$6KTS_1_000000000000000_C3_26_01B21$70$8RAR$964$aORPH$bORPH$cKTS1_C3$d2020-07-08$eKoopman$l0$oKTS1 C3.26 01B21$p20145685$r2021-01-12 00:00:00$w2021-01-12$yBOO
=999  \\$d64

