=LDR  00972aam a2200205   4500
=001  65
=008  230814s1704\\\\||||||||\||||\00|\0\dut\d
=041  \\$adut
=100  \\$aReeland, Jan$4aut$94804
=245  \\$aDe lydende Christus, afgebeeld in eenige predikatien, met een aanhangsel over verscheidene stoffen
=260  \\$aUtrecht$bAppels$c1704
=300  \\$a[x]-300 pages$btitle page in red and black ink
=648  \0$1http://www.wikidata.org/entity/Q7015$a18th Century (1701-1800)$920899
=650  \0$aProtestantism$1http://www.wikidata.org/entity/Q23540$921012
=650  \0$aSermon$1http://www.wikidata.org/entity/Q60797$921869
=651  \0$1http://www.wikidata.org/entity/Q55$aNetherlands$9173
=856  \\$uhttps://books.google.be/books?id=OGNaAAAAcAAJ$3Google Books
=942  \\$cBOO
=952  \\$00$10$2ddc$40$6KTS_1_000000000000000_C3_26_01B23$70$8RAR$965$aORPH$bORPH$cKTS1_C3$d2020-07-08$eKoopman$l0$oKTS1 C3.26 01B23$p20145683$r2021-01-12 00:00:00$w2021-01-12$yBOO
=999  \\$d65

