=LDR  02445aam a2200493   4500
=001  66
=008  230814s1756\\\\|||g||||\||||\00|\0\dut\d
=041  \\$adut
=059  \\$akbd
=100  \\$aFritz, Barthold$d1697-1766$4aut$1http://www.wikidata.org/entity/Q55901412$94805
=245  \\$aOnderwijs om op eene tuigwerkelijke wijze clavieren, clavecimbels, en orgels, in alle 24 toonen even zuiver te stemmen
=260  \\$aAmsterdam$bHummel$c1756
=300  \\$a[iv]-36-[1] pages
=500  \\$aBarthold Fritz (1697-1766) was a keyboard maker from Braunschweig
=500  \\$aoriginally indexed in facsimile
=590  \\$aOp dat daar uit zo wel de Major als Minor welluidend gespeeld kan worden
=648  \0$1http://www.wikidata.org/entity/Q7015$a18th Century (1701-1800)$920899
=650  \0$aOrganology$1http://www.wikidata.org/entity/Q899293$921400
=650  \0$aKeyboard instrument$1http://www.wikidata.org/entity/Q52954$92849
=650  \0$aTuning$1http://www.wikidata.org/entity/Q858576$921655
=651  \0$1http://www.wikidata.org/entity/Q727$aAmsterdam (Netherlands)$9135
=653  \0$aBach, C.P.E.$3gamma$020145682$w01B24$928902
=653  \0$aorganist$3α$020145682$w01B24$935454
=653  \0$agamba$312$020145682$w01B24$931995
=653  \0$atemperatuur$3wb$020145682$w01B24$936807
=653  \0$atransponeren$313$020145682$w01B24$937072
=653  \0$aviool$311$020145682$w01B24$937605
=653  \0$aHurlebusch$3delta, 21$020145682$w01B24$933017
=653  \0$aKammerton$313$020145682$w01B24$933300
=653  \0$akieltjes$329$020145682$w01B24$933396
=653  \0$azuiverheid$31, 2, 3$020145682$w01B24$938176
=653  \0$aklavichord$324-28, 32-36$020145682$w01B24$933553
=653  \0$aklavier=klavichord$324-28, 32-36$020145682$w01B24$933597
=653  \0$aklavier=klavichord$311, 91$020145682$w01B24$933597
=653  \0$alesgeven$3α, β$020145682$w01B24$934068
=653  \0$aluit$312$020145682$w01B24$934262
=653  \\$aChorton$312$923404$020145682$w01B24
=653  \\$aklavichord_octaafsnaar in bas$325$933586$020145682$w01B24
=653  \\$asnaardikte$336$939182$020145682$w01B24
=700  \\$4trl$aElvervelt, H. van$94806
=856  \\$uhttps://books.google.be/books?id=sZ5cAAAAcAAJ$3Google Books
=942  \\$cBOO
=952  \\$00$10$2ddc$40$6KTS_1_000000000000000_C3_26_01B24$70$8RAR$966$aORPH$bORPH$cKTS1_C3$d2020-07-08$eKoopman$l0$oKTS1 C3.26 01B24$p20145682$r2021-01-12 00:00:00$w2021-01-12$yBOO
=999  \\$d66

