=LDR  01073aam a2200229   4500
=001  67
=008  230814s1867\\\\|||af|||\||||\00|\0\dut\d
=041  \\$adut$hger
=245  \\$aPractische handleiding tot het perspectief teekenen
=260  \\$aLeiden$bKooyker$c1867
=300  \\$a29 pages$b22 illustrated plates
=500  \\$aPractical guide in perspective drawing
=561  \\$aEx libris J. Berkhout, 1867 (manuscript)
=590  \\$avoor scholen en zelfonderricht, voor schilders, beeldhouwers, teekenaars, kopergraveurs, metselaars, timmerlieden, enz.
=648  \0$1http://www.wikidata.org/entity/Q6955$a19th Century (1801-1900)$920935
=650  \0$aFine art$1http://www.wikidata.org/entity/Q219625$921579
=651  \0$1http://www.wikidata.org/entity/Q43631$aLeiden (Netherlands)$978
=700  \\$4aut$4trl$94808$aWerner, J. J.
=700  \\$4aut$94807$aWernigk, F. C.
=942  \\$cBOO
=952  \\$00$10$2ddc$40$6KTS_1_000000000000000_C3_26_01B22$70$8RAR$967$aORPH$bORPH$cKTS1_C3$d2020-07-08$eKoopman$l0$oKTS1 C3.26 01B22$p20145684$r2021-01-12 00:00:00$w2021-01-12$yBOO
=999  \\$d67

