=LDR  01934    a2200289   4500
=001  68
=008  230814s1627\\\\|||a||||\||||\00|\0\lat\d
=041  \\$alat
=100  \\$aMusæus Grammaticus$4aut$94809
=245  \\$aErotopægnion Herus et Leandri
=260  \\$aFrankfurt$bFitzer$c1627
=300  \\$a[viii]-[120]-[8] pages
=500  \\$aMusæus or Musaios Grammaticus lived around the 6th century AD
=500  \\$aHero and Leander is the Greek myth relating the story of Hero, a priestess of Aphrodite (Venus in Roman mythology) who dwelt in a tower in Sestos on the European side of the Hellespont, and Leander, a young man from Abydos on the opposite side of the strait. Leander falls in love with Hero and swims every night across the Hellespont to spend time with her. Hero lights a lamp at the top of her tower to guide his way.
=500  \\$arichly engraved title-page, preface and on pages 1, 3, 18, 35, 38, 43, 151, 159, 161, 170, 185, 194, 209, 213, 217
=561  \\$aEx libris H. Robitsen 1769, W. S. Mackay (Trinity College Cambridge 1810) and C. Beaumont (manuscript)
=563  \\$abound in white vellum with white leather laces
=590  \\$agr. et lat. cui accesserunt alia ejusdem argumenti pœmatia, quæ singula collegit et commentariorum libro illustravit Daniel Pareus
=648  \0$1http://www.wikidata.org/entity/Q486761$aClassical Antiquity (8th Century BC-6th Century AD)$921435
=648  \0$1http://www.wikidata.org/entity/Q7016$a17th Century (1601-1700)$920923
=650  \0$aPoetry$1http://www.wikidata.org/entity/Q482$93026
=650  \0$aMythology$1http://www.wikidata.org/entity/Q9134$921600
=653  \0$aMarot, C.$3227-240$020145681$w01B32$934477
=700  \\$4cmm$4edt$aPareus, Daniel$94810
=942  \\$cBOO
=952  \\$00$10$2ddc$40$6KTS_1_000000000000000_C3_26_01B32$70$8RAR$968$aORPH$bORPH$cKTS1_C3$d2020-07-08$eKoopman$l0$oKTS1 C3.26 01B32$p20145681$r2021-01-12 00:00:00$w2021-01-12$yBOO
=999  \\$d68

