=LDR  01875    a2200265   4500
=001  70
=008  211118s1806\\\\||||||||\||||\00|\f\dut\d
=041  \\$adut$hger
=100  \\$aSalzmann, Christian Gotthilf$d1744-1811$4aut$1http://www.wikidata.org/entity/Q215060$94812
=245  \\$aUitvoerig verhaal hoe Ernst Haverveld van een' boer een vrijheer is geworden
=260  \\$aAmsterdam$bHey, van der$c1806
=300  \\$a[viii]-492 pages
=336  \\$aprinted
=500  \\$aNovel for children
=500  \\$aChristian Gotthilf Salzmann was a German Protestant pastor and educator. In 1784, the Enlightenment philosopher founded the Philanthropin Schnepfenthal, a philanthropic educational institution near Gotha. 
=500  \\$aWillem Anthony Ockerse (Vianen, 16 April 1760 - The Hague, 19 January 1826) was a Dutch Reformed minister, broker, author, politician and leading patriot. Ockerse was the main author of the Staatsregeling van het Bataafsche Volk (State Regulation of the Batavian People) of March 1798 (the first Dutch constitution). 
=534  \\$aAusführliche  Erzählung,  wie  Ernst  Haberfeld  aus  einem  Bauer  ein Freiherr geworden ist$c1805$ohttps://books.google.be/books/about/Ausf%C3%BChrliche_Erz%C3%A4hlung_wie_Ernst_Haber.html?id=G4k7AAAAcAAJ&redir_esc=y

=648  \0$a19th Century (1801-1900)$1http://www.wikidata.org/entity/Q6955$920935
=650  \0$aNovel$1http://www.wikidata.org/entity/Q8261$921629
=650  \0$aLiterature$1http://www.wikidata.org/entity/Q8242$94439
=700  \\$4trl$aOckerse, W. A.$d1760-1826$1http://www.wikidata.org/entity/Q2515167$94813
=856  \\$uhttps://books.google.be/books?id=QZFiAAAAcAAJ$3Google Books
=942  \\$cBOO
=952  \\$00$10$2ddc$40$6KTS_1_000000000000000_C1_51_01C02$70$8RAR$970$aORPH$bORPH$cKTS1_C1$d2020-07-08$eKoopman$i01C02$oKTS1 C1.51 01C02$p20137763$r2021-01-12 00:00:00$w2021-01-12$yBOO
=999  \\$d70

