=LDR  03893aam a2200445   4500
=001  72
=008  211122s1738\\\\\\\f||||\||||\00|\d\fre\d
=041  \\$afre
=059  \\$av
=245  \\$aLes Parodies du nouveau théâtre italien
=260  \\$aParis$bBriasson$c1738
=300  \\$a4 vols. (xxxvi-352-4+[x]-328-60+[xxvi]-408-88+[xxx]-312-92 pages)$bmusic examples, 4 plates inserted
=505  \\$gvol. 1: Œdipe travesti -- Artemire -- Agnès de Chaillot -- Le Mauvais ménage -- Le Chevalier errant -- La Méchante femme -- Les Enfants trouvés, ou Le Sultan poli par l'amour -- Le Bolus -- Arlequin au Parnasse ou La Folie de Melpomene$gvol. 2: La Rupture du carnaval et de la folie -- Hercule filant, parodie d'Omphale -- Arlequin Persée -- Le Serdeau des théatres -- Parodie, tragicomedie -- Les Noces d'Arlequin et de Silvia ou Thetis et Pelée -- Amadis le cadet$gvol. 3: Armide -- Momus exilé -- Le Cahos -- Arlequin Atys -- Médée et Jason -- Pirame et Thisbé -- L'Isle de la folie -- Arlequin Roland$gvol. 4: Arlequin Bellérophon -- La Bonne femme -- Arlequin Tancrède -- Alceste -- Le Joueur -- Don Micco e Lesbina -- Arlequin Phaëton
=561  \\$aEx libris G. Calmus (ms.)
Ex libris Dr Grandaur (stamp)
=590  \\$aou Recueil des parodies représentées sur le théâtre de l'hôtel de Bourgogne, par les comédiens italiens ordinaires du roi. Avec les airs gravés. Nouvelle édition, revue, corrigée et augmentée de plusieurs parodies
=600  \0$1http://www.wikidata.org/entity/Q1192$aLully, Jean-Baptiste$d1632-1687$95867
=600  \0$1http://www.wikidata.org/entity/Q379947$aQuinault, Philippe$d1635-1688$94911
=610  \0$aHôtel de Bourgogne (Paris, France)$923001
=648  \0$a17th Century (1601-1700)$1http://www.wikidata.org/entity/Q7016$920923
=648  \0$a18th Century (1701-1800)$1http://www.wikidata.org/entity/Q7015$920899
=650  \0$aOpera$1http://www.wikidata.org/entity/Q1344$92468
=650  \0$aLibretto$1http://www.wikidata.org/entity/Q131084$94031
=650  \0$aSatire$1http://www.wikidata.org/entity/Q128758$921636
=650  \0$aVaudeville$1http://www.wikidata.org/entity/Q17118203$921841
=651  \0$aParis (France)$1http://www.wikidata.org/entity/Q90$9160
=700  \\$4aut$aBiancolelli, Pierre-François$d1680-1734$1http://www.wikidata.org/entity/Q737646$94815
=700  \\$4aut$aRomagnesi, Jean-Antoine$d1693-1742$1http://www.wikidata.org/entity/Q517188$94816
=700  \\$4aut$aRiccoboni, Antoine-François$d1707-1772$1http://www.wikidata.org/entity/Q2853472$94817
=700  \\$4aut$aVoltaire$d1694-1778$1http://www.wikidata.org/entity/Q9068$95159
=700  \\$4aut$aHoudar de la Motte, Antoine$d1672-1731$1http://www.wikidata.org/entity/Q586389$94919
=856  \\$uhttps://gallica.bnf.fr/view3if/ga/ark:/12148/bpt6k9743414z$3vol. 1 (IIIF)
=856  \\$uhttps://gallica.bnf.fr/view3if/ga/ark:/12148/bpt6k9743373g$3vol. 2 (IIIF)
=856  \\$uhttps://gallica.bnf.fr/view3if/ga/ark:/12148/bpt6k97449659$3vol. 3 (IIIF)
=856  \\$uhttps://gallica.bnf.fr/view3if/ga/ark:/12148/bpt6k9747157x$3vol. 4 (IIIF)
=942  \\$cBOO
=952  \\$00$10$2ddc$3vol. 1$40$6KTS_1_000000000000000_C1_51_01C07$70$8RAR$972$aORPH$bORPH$cKTS1_C1$d2020-07-08$eKoopman$oKTS1 C1.51 01C07$p20137771$r2021-01-12 00:00:00$w2021-01-12$yBOO
=952  \\$00$10$2ddc$3vol. 2$40$6KTS_1_000000000000000_C1_51_01C08$70$8RAR$920988$aORPH$bORPH$cKTS1_C1$d2020-07-08$eKoopman$l0$oKTS1 C1.51 01C08$p20137772$r2021-11-22 00:00:00$w2021-01-12$yBOO
=952  \\$00$10$2ddc$3vol. 3$40$6KTS_1_000000000000000_C1_51_01C09$70$8RAR$920989$aORPH$bORPH$cKTS1_C1$d2020-07-08$eKoopman$l0$oKTS1 C1.51 01C09$p20137773$r2021-11-22 00:00:00$w2021-01-12$yBOO
=952  \\$00$10$2ddc$3vol. 4$40$6KTS_1_000000000000000_C1_51_01C10$70$8RAR$920990$aORPH$bORPH$cKTS1_C1$d2020-07-08$eKoopman$l0$oKTS1 C1.51 01C10$p20137774$r2021-11-22 00:00:00$w2021-01-12$yBOO
=999  \\$d72

