=LDR  10706aam a2201921   4500
=001  73
=005  20250926134106.0
=008  211122s1758\\\\\\\|||||\||||\00|\0\ger\d
=041  \\$ager
=100  \\$aAdlung, Jakob$d1699-1762$4aut$1http://www.wikidata.org/entity/Q70417$94818
=245  \\$aAnleitung zu der musikalischen Gelahrtheit
=260  \\$aErfurt$bJungnicol$c1758
=300  \\$a30-814-[34] pages$b8 folded pages of music examples
=500  \\$arepublished in 1783 by Johann Adam Hiller
=590  \\$aTheils vor alle Gelehrte, so das Band aller Wissenschaften einsehen; theils vor die Liebhaber der edlen Tonkunst überhaupt
=648  \0$a18th Century (1701-1800)$1http://www.wikidata.org/entity/Q7015$920899
=650  \0$aMusic theory$1http://www.wikidata.org/entity/Q193544$92662
=650  \0$aMusic history$1http://www.wikidata.org/entity/Q846047$921373
=650  \0$aOrgan$1http://www.wikidata.org/entity/Q1444$92810
=651  \0$aThuringia (Germany)$1http://www.wikidata.org/entity/Q1205$922311
=653  \0$a16 voet op klavecimbel$3554$020137782$w01C11$928360
=653  \0$aa =$3226, 315, 316, 327, 376, 377, 386, 387, 570, 572, 654$020137782$w01C11$928388
=653  \0$aAdlung$3vw17$020137782$w01C11$928497
=653  \0$aBach, C.P.E.$3vw10, 707, 708, 800$020137782$w01C11$928902
=653  \0$aBach, familie$3689, 708$020137782$w01C11$928911
=653  \0$aBach, J.E.$3vw18, 517, 555, 565, 575, 689$020137782$w01C11$928924
=653  \0$aBach, Johann Sebastian $3vw10, vw14, vw15, vw16, 9, 27, 72, 73, 311, 519, 522, 690, 691, 692$020137782$w01C11$928991
=653  \0$ablokfluit$3589$020137782$w01C11$929645
=653  \0$abeiaard$3573$020137782$w01C11$929377
=653  \0$aBenda$3vw10$020137782$w01C11$929408
=653  \0$aBrossard$3129$020137782$w01C11$929959
=653  \0$acastraat$394, 97, 622, 623$020137782$w01C11$930281
=653  \0$acello$3586, 599$020137782$w01C11$930344
=653  \0$acembal d'amour$3563, 564$020137782$w01C11$930352
=653  \0$aNeidhardt$3276, 277, 285-311, 316, 317, 765$020137782$w01C11$935195
=653  \0$acontinuo$38, 386, 387, 488, 489, 551, 570, 582, 622-657$020137782$w01C11$930685
=653  \0$acontrabas$3586, 599$020137782$w01C11$930692
=653  \0$aopera$385-87$020137782$w01C11$935411
=653  \0$aCouperin$3703, 710, 729$020137782$w01C11$930787
=653  \0$aorgelcontinuo$3386, 387, 488, 489, 551$020137782$w01C11$935550
=653  \0$aorgelregistratie$3419, 423, 470, 484-507$020137782$w01C11$935575
=653  \0$aoud-nieuw$3vw9, vw16$020137782$w01C11$935651
=653  \0$aPachelbel$3566, 694, 719$020137782$w01C11$935696
=653  \0$adiminutie$3621, 622$020137782$w01C11$931086
=653  \0$apantaleon$395, 559-563, 570, 571, 575, 576, 593, 594$020137782$w01C11$935743
=653  \0$adirigeren$3209, 210, 614$020137782$w01C11$931094
=653  \0$apauken$3594$020137782$w01C11$935803
=653  \0$apedaalklavecimbel$3556, 557$020137782$w01C11$935821
=653  \0$apedaalklavichord$3568, 572$020137782$w01C11$935822
=653  \0$aDuitsland$3vw9, vw10, vw11, vw16$020137782$w01C11$931284
=653  \0$aPfeiffer$3vw10, 654$020137782$w01C11$935906
=653  \0$apianoforte$3506, 559-563$020137782$w01C11$935944
=653  \0$aecho effekt$3506$020137782$w01C11$931372
=653  \0$aengelse luit$3556$020137782$w01C11$931470
=653  \0$aPraetorius$318, 19, 340, 341, 584$020137782$w01C11$936127
=653  \0$afagot$3586$020137782$w01C11$931585
=653  \0$aFaustina$394$020137782$w01C11$931626
=653  \0$aQuantz$3vw10$020137782$w01C11$936294
=653  \0$aQuantz en bc$3637$020137782$w01C11$936295
=653  \0$aspinetregister op klavecimbel$3556$020137782$w01C11$936430
=653  \0$aForqueray$394, 95$020137782$w01C11$931825
=653  \0$aStölzel$3vw10, vw16, 9, 768$020137782$w01C11$936601
=653  \0$afranse orgelregistratie$3419$020137782$w01C11$931889
=653  \0$aFroberger$3334, 711$020137782$w01C11$931931
=653  \0$asub/semitoetsen$3240, 243, 359$020137782$w01C11$936666
=653  \0$aSweelinck$3285$020137782$w01C11$936690
=653  \0$agamba$394, 586$020137782$w01C11$931995
=653  \0$atasto solo$3642, 643$020137782$w01C11$936760
=653  \0$aGeigenwerk$3565-567$020137782$w01C11$932083
=653  \0$aTelemann, G.P.$3vw10, vw14-16, 9, 240, 241, 283, 317, 378, 579, 639, 722, 723, 768$020137782$w01C11$936796
=653  \0$atemperatuur$3226, 240, 241, 247-336, 390, 467$020137782$w01C11$936807
=653  \0$atheorbenflügel$3575$020137782$w01C11$936897
=653  \0$atongwerk$3492, 494$020137782$w01C11$937021
=653  \0$aGraun$3vw10$020137782$w01C11$932339
=653  \0$atranspositieklavier$3387, 521, 554, 570, 572$020137782$w01C11$937076
=653  \0$atremulant$3470$020137782$w01C11$937097
=653  \0$aHändel, G.F.$39, 95, 96, 713$020137782$w01C11$932536
=653  \0$atrompet$3597, 598$020137782$w01C11$937194
=653  \0$aharpregister op klavecimbel$3557$020137782$w01C11$932587
=653  \0$aHasse$3vw10$020137782$w01C11$932603
=653  \0$aHeinichen$3633$020137782$w01C11$932675
=653  \0$aViadana als uitvinder van bc$3627, 628, 640$020137782$w01C11$937526
=653  \0$avingerzetting$3797-802$020137782$w01C11$937568
=653  \0$avogelzang$3475, 476, 484$020137782$w01C11$937701
=653  \0$aWalther$34, 5, 6, 131, 586, 697, 698$020137782$w01C11$937858
=653  \0$aWerckmeister$3192-194$020137782$w01C11$937928
=653  \0$akamertoonregister op koortoon-orgel$3386, 387$020137782$w01C11$933297
=653  \0$akieltjes$3557, 561$020137782$w01C11$933396
=653  \0$aKircher$341-44$020137782$w01C11$933413
=653  \0$azangeres$394, 79$020137782$w01C11$938089
=653  \0$azangkunst$3581, 604-622$020137782$w01C11$938104
=653  \0$aklarinet$3588$020137782$w01C11$933442
=653  \0$aklav. muziek$3705-725$020137782$w01C11$933448
=653  \0$aklavecimbel$341, 553-559, 574-575$020137782$w01C11$933450
=653  \0$azwelkast$3388$020137782$w01C11$938191
=653  \0$aklavichord$3310, 360, 564, 568-572, 575, 576, 577, 809$020137782$w01C11$933553
=653  \0$aklavichordcontinuo$3570$020137782$w01C11$933591
=653  \0$aklavieromvang$3360, 361, 516, 517$020137782$w01C11$933604
=653  \0$aklokkenspel (orgelregister)$3424, 425, 426, 466, 490, 518, 572, 573$020137782$w01C11$933631
=653  \0$aReincken$3695$020137782$w01C11$938349
=653  \0$aKrieger$396$020137782$w01C11$933758
=653  \0$aKuhnau$3195-197, 715, 761, 762, 805$020137782$w01C11$933781
=653  \0$akwint/oktaafparallellen$3485$020137782$w01C11$933824
=653  \0$arugwerk$3346, 511$020137782$w01C11$938635
=653  \0$alautenklavier$3574, 575$020137782$w01C11$933938
=653  \0$asalaris$393, 94$020137782$w01C11$938697
=653  \0$aScheibe$320, 21, 22, 27, 28$020137782$w01C11$938809
=653  \0$aScheidemann$3695$020137782$w01C11$938817
=653  \0$aluit$398, 580, 581$020137782$w01C11$934262
=653  \0$aLully$396, 97$020137782$w01C11$934271
=653  \0$amachine die gespeelde noten direct opschrijft$3577, 578$020137782$w01C11$934340
=653  \0$amajeur afsluiting in mineur stuk$3222, 223$020137782$w01C11$934382
=653  \0$aMarpurg$3vw10, 20, 800, 801$020137782$w01C11$934481
=653  \0$aMattheson$3vw10, 5, 9-18, 22, 580, 581, 574, 655, 709, 805$020137782$w01C11$934534
=653  \0$aMersenne, M. $3125, 384$020137782$w01C11$934693
=653  \0$ametronoom$3210$020137782$w01C11$934713
=653  \0$aMizler$3vw10, 6-9, 14, 15, 21, 37, 579$020137782$w01C11$934781
=653  \\$aAugencembalo/orgel$3578, 579$928866$020137782$w01C11
=653  \\$abaarpijp$3396$928892$020137782$w01C11
=653  \\$aBach, J.S._en Marchand$3690, 691, 692, 716$928955$020137782$w01C11
=653  \\$abasse de cromorne$3586$929152$020137782$w01C11
=653  \\$abundfrei$3310$930021$020137782$w01C11
=653  \\$acimbelstern$3408, 409, 426$930486$020137782$w01C11
=653  \\$aclaviorganum$3563$930538$020137782$w01C11
=653  \\$aCorelli$393$930735$020137782$w01C11
=653  \\$aDenner$3588, 595$931011$020137782$w01C11
=653  \\$aEisel$3582, 583$931413$020137782$w01C11
=653  \\$aevolutietheorie$3vw9$931556$020137782$w01C11
=653  \\$aFreudenberg$3634, 635$931906$020137782$w01C11
=653  \\$agummicopallak$3565, 602$932483$020137782$w01C11
=653  \\$ahameren van orgelpijpen$3529$932527$020137782$w01C11
=653  \\$aharfenklavier$3575$932569$020137782$w01C11
=653  \\$ahobo$3427, 586, 590$932805$020137782$w01C11
=653  \\$aHohlefelderclavier$3577, 578$932849$020137782$w01C11
=653  \\$aimprovisatie$3730-753$933059$020137782$w01C11
=653  \\$aKaufmann, G.$3693$933324$020137782$w01C11
=653  \\$aklavecyterium$3559, 561, 562$933551$020137782$w01C11
=653  \\$aklavichord als studieinstrument$3809$933559$020137782$w01C11
=653  \\$amuziek voor 2 klav.$3715$935028$020137782$w01C11
=653  \\$aNiedt$3194, 195$935230$020137782$w01C11
=653  \\$anoot op rust bij bc$3644$935269$020137782$w01C11
=653  \\$aonbecijferde bas$3656, 657$935379$020137782$w01C11
=653  \\$aorgano pleno$3486$935461$020137782$w01C11
=653  \\$apandoret$3575, 576$935735$020137782$w01C11
=653  \\$aregaal$3454, 455, 552, 553$938302$020137782$w01C11
=653  \\$aregisters op klavichord$3568, 569, 570, 571, 572, 577$938314$020137782$w01C11
=653  \\$aregistratiepedalen bij klavecimbel$3557, 558$938319$020137782$w01C11
=653  \\$areine terts op gelijkzwevend orgel$3391, 467$938354$020137782$w01C11
=653  \\$aSchild, M. $398$938857$020137782$w01C11
=653  \\$aSilbermann$3317-320$939112$020137782$w01C11
=653  \\$aspielerey register$3408, 409, 424-427, 464, 465, 466, 472, 473, 475, 476, 512, 518$936420$020137782$w01C11
=653  \\$atoucher$3358$937044$020137782$w01C11
=653  \\$atransmissies op orgel$3383, 384$937071$020137782$w01C11
=653  \\$aunda maris$3439$937295$020137782$w01C11
=653  \\$aversieringen in bc$3653, 654$937486$020137782$w01C11
=653  \\$aviola da spalla$3599$937584$020137782$w01C11
=653  \\$avioletta$3598$937593$020137782$w01C11
=653  \\$azang_als voorbeeld$3624, 625$938080$020137782$w01C11
=700  \\$4win$aBach, Johann Ernst$d1722-1777$1http://www.wikidata.org/entity/Q67932$923003
=856  \\$uhttps://imslp.org/wiki/Anleitung_zu_der_musikalischen_Gelahrtheit_(Adlung%2C_Jakob)$3International Music Score Library Project
=942  \\$cBOO
=952  \\$00$10$2ddc$40$6KTS_1_000000000000000_C1_51_01C11$70$8RAR$973$aORPH$bORPH$cKTS1_C1$d2020-07-08$eKoopman$i01C11$oKTS1 C1.51 01C11$p20137782$r2021-01-12 00:00:00$w2021-01-12$yBOO
=999  \\$d73

