=LDR  01104aam a2200229   4500
=001  80
=008  211122s1740\\\\\\\a||||\||||\00|\d\dut\d
=041  \\$adut
=100  \\$aHattum, Maurits van$4aut$94827
=245  \\$aDe orakel-vaas.$bKluchtige opera
=260  \\$aAmsterdam$bDuim$c1740
=300  \\$a33 pages
=336  \\$aprinted
=500  \\$aIzaak Duim (1696-1782), an actor at the Amsterdam Schouwburg, inherited the privilege of printing all plays performed at that venue upon the death of his predecessor, David Ruarus
=648  \0$a18th Century (1701-1800)$1http://www.wikidata.org/entity/Q7015$920899
=650  \0$aLibretto$1http://www.wikidata.org/entity/Q131084$94031
=650  \0$aOpera$1http://www.wikidata.org/entity/Q1344$92468
=651  \0$aAmsterdam (Netherlands)$1http://www.wikidata.org/entity/Q727$9135
=856  \\$uhttps://books.google.be/books?id=yglXAAAAcAAJ$3Google Books
=942  \\$cBOO
=952  \\$00$10$2ddc$40$6KTS_1_000000000000000_C1_52_01C21$70$8RAR$980$aORPH$bORPH$cKTS1_C1$d2020-07-08$eKoopman$i01C21$oKTS1 C1.52 01C21$p20137780$r2021-01-12 00:00:00$w2021-01-12$yBOO
=999  \\$d80

