=LDR  02213    a2200349   4500
=001  85
=008  211122s1790\\\\||||||||\||||\00|\0\mul\d
=041  \\$afre$aita
=100  \\$aRangoni, Giovanni Battista$d1714-1793$4aut$94833
=245  \\$aEssai sur le goût de la musique = Saggio sul gusto della musica
=260  \\$aLivorno$bMasi$c1790
=300  \\$avii-91 pages
=500  \\$aText in French and Italian on opposite pages
=500  \\$aMachiavelli had six children. His last direct descendent, Francesco Machiavelli, died in 1727 leaving the heritage of his name and possessions to his cousin, the Marquis Giovanni Battista Rangoni. Subsequently, the Rangoni family added the name of Machiavelli to its own. 
=561  \\$aEx Libris Alfred Cortot (Plate) & untitled (Plate with coat of arms)
=590  \\$aavec le caractère des trois célèbres joueurs de violon, messieurs Nardini, Lolli, & Pugnani = col carattere de' tre celebri sonatori di violino i signori Nardini, Lolli, e Pugnani
=600  \0$aNardini, Pietro$d1722-1793$1http://www.wikidata.org/entity/Q727374$95370
=600  \0$aLolli, Antonio$dc. 1725-1802$1http://www.wikidata.org/entity/Q602855$922859
=600  \0$aPugnani, Gaetano$d1731-1798$1http://www.wikidata.org/entity/Q560926$97797
=648  \0$a18th Century (1701-1800)$1http://www.wikidata.org/entity/Q7015$920899
=650  \0$aMusic history$1http://www.wikidata.org/entity/Q846047$921373
=650  \0$aMusic criticism$1http://www.wikidata.org/entity/Q11748889$921598
=650  \0$aTaste$1http://www.wikidata.org/entity/Q1143012$922848
=650  \0$aInstrumentalist$1http://www.wikidata.org/entity/Q1278335$921706
=650  \0$aViolinist$1http://www.wikidata.org/entity/Q1259917$93278
=650  \0$aMethod$1http://www.wikidata.org/entity/Q2250960$921402
=651  \0$aItaly$1http://www.wikidata.org/entity/Q38$922
=856  \\$uhttps://books.google.be/books?id=p8PL3wPdQB8C$3Google Books
=856  \\$uhttps://www.loc.gov/item/09012101/$3Library of Congress
=942  \\$cBOO
=952  \\$00$10$2ddc$40$6KTS_1_000000000000000_C1_52_01D05$70$8RAR$985$aORPH$bORPH$cKTS1_C1$d2020-07-08$eKoopman$i01D05$oKTS1 C1.52 01D05$p20137794$r2021-01-12 00:00:00$w2021-01-12$yBOO
=999  \\$d85

