=LDR  02254aam a2200313   4500
=001  88
=008  211122s1757\\\\\\\|||||\||||\00|\0dfre\d
=041  \\$afre
=245  \\$aHistoire du théâtre de l'Académie royale de musique en France depuis son établissement jusqu'à présent
=250  \\$a2nd ed.
=260  \\$aParis$bDuchesne$c1757
=300  \\$a2 vols. (320+221-[7]-11 pages)
=500  \\$aHistory of the theatre of the Royal Academy of Music of France, from its establishment to the present. It traces the history of the Academy of Music from its foundation in 1669 to the ordinances which regulate its internal functioning. It contains information on the opera house balls, biographies of librettists and composers, a staff statement as of July 1756, and other valuable details. A double catalogue (chronological and alphabetical) of the operas represented between 1645 and 1752, a very detailed index and a bibliography of works devoted to opera make this book an essential tool for research on 18th-century opera.
=504  \\$a11 pages of bibliography of musical works for vol.2
=534  \\$aOriginally published in 1753, see 06E12
=610  \0$aOpéra (Paris, France)$1http://www.wikidata.org/entity/Q283339$920898
=648  \0$a17th Century (1601-1700)$1http://www.wikidata.org/entity/Q7016$920923
=648  \0$a18th Century (1701-1800)$1http://www.wikidata.org/entity/Q7015$920899
=650  \0$aMusic history$1http://www.wikidata.org/entity/Q846047$921373
=650  \0$aTheater history$1http://www.wikidata.org/entity/Q1061140$94607
=650  \0$aOpera$1http://www.wikidata.org/entity/Q1344$92468
=650  \0$aInstitution$1http://www.wikidata.org/entity/Q178706$94241
=651  \0$aParis (France)$1http://www.wikidata.org/entity/Q90$9160
=700  \\$4aut$aTravenol Duchesne, Louis-Antoine$d1698-1783$94836
=700  \\$4aut$aDurey de Noinville, Jacques Bernard$d1683-1768$1http://www.wikidata.org/entity/Q62177361$94837
=856  \\$uhttps://archive.org/details/histoireduthatre00dure/page/n5/mode/2up$3Internet Archive
=942  \\$cBOO
=952  \\$00$10$2ddc$40$6KTS_1_000000000000000_C1_52_01D04$70$8RAR$988$aORPH$bORPH$cKTS1_C1$d2020-07-08$eKoopman$oKTS1 C1.52 01D04$p20137793$r2021-01-12 00:00:00$w2021-01-12$yBOO
=999  \\$d88

