=LDR  02916    a2200445   4500
=001  90
=005  20251001162233.0
=008  211123s1713\\\\\\\|||||\||||\00|\0\fre\d
=041  \\$afre$hgrc
=100  \\$aBoileau Despréaux, Nicolas$d1636-1711$4aut$4trl$1http://www.wikidata.org/entity/Q188857$94839
=245  \\$aŒuvres diverses$bavec Le Traité du Sublime ou du merveilleux dans le discours$nvol. 2
=260  \\$aAmsterdam$bSchelte$c1713
=300  \\$a344 pages$btitle page in red and black ink, 2 engraved frontispieces
=336  \\$aprinted
=500  \\$asee also 06N04
=500  \\$aOn the Sublime is both a treatise on aesthetics and a work of literary criticism. It is written in an epistolary form and the final part, possibly dealing with public speaking, has been lost. The treatise is sometimes dedicated to Posthumius Terentianus, a cultured Roman and public figure, though little else is known of him. On the Sublime is a compendium of literary exemplars, with about fifty authors spanning 1,000 years mentioned or quoted. Along with the expected examples from Homer and other figures of Greek culture, Longinus refers to a passage from Genesis.
=561  \\$aex libris James Walker Christ Church (plate)
=590  \\$aTraduit du Grec de longin. Nouvelle Edition, revûë & augmentée de diverses Piéces Nouvelles. Avec les passages des Poëtes Latins imitez par l'Auteur
=648  \0$aClassical Antiquity (8th Century BC-6th Century AD)$1http://www.wikidata.org/entity/Q486761$921435
=648  \0$a17th Century (1601-1700)$1http://www.wikidata.org/entity/Q7016$920923
=650  \0$aLiterature$1http://www.wikidata.org/entity/Q8242$94439
=650  \0$aSublime$1http://www.wikidata.org/entity/Q999803$923135
=650  \0$aPhilosophy$1http://www.wikidata.org/entity/Q5891$92357
=650  \0$aAesthetics$1http://www.wikidata.org/entity/Q35986$921494
=653  \0$aopera$369$020137805$w01D10$935411
=653  \0$aCorneille$3187, 254$020137805$w01D10$930742
=653  \0$aRacine$3122, 249$020137805$w01D10$936325
=653  \0$avaudeville$3170$020137805$w01D10$937360
=653  \0$aLambert, M.$318$020137805$w01D10$933865
=653  \0$asatire$3293, 294, 295, 296, 297, 298, 299, 300, 301, 302, 303, 304$020137805$w01D10$938767
=653  \0$aLully, J.B.$369$020137805$w01D10$934276
=653  \0$amadrigaal$3196$020137805$w01D10$934349
=653  \\$aCromwell$3259, 260$930860$020137805$w01D10
=653  \\$aMolière$315, 18, 262, 123, 183$95673$020137805$w01D10
=653  \\$atuinman$3144$937217$020137805$w01D10
=700  \\$4att$aLonginus$dc. 213-273$1http://www.wikidata.org/entity/Q436634$96011
=856  \\$uhttps://books.google.be/books?id=0apiAAAAcAAJ$3Google Books
=942  \\$cBOO
=952  \\$00$10$2ddc$40$6KTS_1_000000000000000_C1_52_01D10$70$8RAR$990$aORPH$bORPH$cKTS1_C1$d2020-07-08$eKoopman$oKTS1 C1.52 01D10$p20137805$r2021-01-12 00:00:00$w2021-01-12$yBOO
=999  \\$d90

