=LDR  01509aam a2200289   4500
=001  95
=005  20250923161047.0
=008  211123s1790\\\\||||||||\||||\00|\d\dut\d
=041  \\$adut
=100  \\$aMarsollier, Benoît-Joseph$d1750 - 1817$4aut$1http://www.wikidata.org/entity/Q818099$94843
=245  \\$aDe twee jonge Savoyards. $bBlyspel met zang
=260  \\$aAmsterdam$bs.n.$c1790
=300  \\$a[iv]-64 pages$bengraved frontispiece
=534  \\$a'Les Deux petits savoyards' was a one-act comic opera with music by Nicolas Dalayrac, premiered in Paris in 1789
=590  \\$agevolgd naar het fransche, onder de Zinspreuk: oefening beschaaft de kunsten
=610  \0$aStadsschouwburg Amsterdam (Netherlands)$1http://www.wikidata.org/entity/Q1817103$921020
=648  \0$a18th Century (1701-1800)$1http://www.wikidata.org/entity/Q7015$920899
=650  \0$aLibretto$1http://www.wikidata.org/entity/Q131084$94031
=650  \0$aOpera$1http://www.wikidata.org/entity/Q1344$92468
=651  \0$aAmsterdam (Netherlands)$1http://www.wikidata.org/entity/Q727$9135
=700  \\$4trl$aAsschenberg, Harmanus$d1726-1792$1http://www.wikidata.org/entity/Q108440449$97588
=700  \\$4trl$aRoullaud, Henri Jean$d1729-1790$95939
=765  \\$aLes Deux petits savoyards
=942  \\$cBOO
=952  \\$00$10$2ddc$40$6KTS_1_000000000000000_C1_52_01D14$70$8RAR$995$aORPH$bORPH$cKTS1_C1$d2020-07-08$eKoopman$oKTS1 C1.52 01D14$p20137800$r2021-01-12 00:00:00$w2021-01-12$yBOO
=999  \\$d95
=533  \\$aDigitized by iGuana, Spring 2025.

