=LDR  01510    a2200277   4500
=001  98
=008  211123s1821\\\\\\\|||||\||||\00|\i\eng\d
=041  \\$aeng
=100  \\$aDelany, Mary$d1700-1788$4aut$1http://www.wikidata.org/entity/Q510352$911239
=245  \\$aLetters from Mrs. Delany (Widow of Doctor Patrick Delany) to Mrs. Frances Hamilton from the Year 1779, to the Year 1788
=250  \\$a3rd ed.
=260  \\$aLondon$bLongman; Hurst; Rees; Orme; Brown$c1821
=300  \\$axxiii-106 pages$bengraved frontispiece
=336  \\$aprinted
=500  \\$aMrs Delany was an acquaintance of Handel's
=500  \\$afrontispiece: silhouette portrait of Mrs Delany "aged 87 years and 5 months"
=561  \\$aEx Libris M. Campbell (manuscript) & Rachel [...?] ( manuscript)
=590  \\$aComprising many unpublished and interesting anecdotes of their late majesties and the royal family.
=648  \0$a18th Century (1701-1800)$1http://www.wikidata.org/entity/Q7015$920899
=650  \0$aCuckoo$1http://www.wikidata.org/entity/Q18845$922474
=650  \0$aCorrespondence$1http://www.wikidata.org/entity/Q1784733$921392
=651  \0$aLondon (United Kingdom)$1http://www.wikidata.org/entity/Q84$9123
=856  \\$uhttps://archive.org/details/lettersfrommrsde00delaiala/page/n10/mode/2up$3Internet Archive
=942  \\$cBOO
=952  \\$00$10$2ddc$40$6KTS_1_000000000000000_C1_52_01D19$70$8RAR$998$aORPH$bORPH$cKTS1_C1$d2020-07-08$eKoopman$i01D19$oKTS1 C1.52 01D19$p20137806$r2021-01-12 00:00:00$w2021-01-12$yBOO
=999  \\$d98

