=LDR  00861aka a2200217   4500
=001  99
=005  20250925143254.0
=008  211123k19151920||||||||\||||\\0|\i|\\\\d
=041  \\$aita
=245  \\$aRicordo di Verona: 32 vedute
=260  \\$aVerona [?]$bs.n.$c1915-20
=300  \\$a[33] pages
=500  \\$aSeries of black & white postcard pictures
=563  \\$aColored cover
=648  \0$a20th Century (1901-2000)$1http://www.wikidata.org/entity/Q6927$920936
=650  \0$aHistory$1http://www.wikidata.org/entity/Q309$921403
=650  \0$aPhotography$1http://www.wikidata.org/entity/Q11633$91982
=651  \0$aVerona (Italy)$1http://www.wikidata.org/entity/Q2028$921086
=942  \\$cEPH
=952  \\$00$10$2ddc$40$6KTS_1_000000000000000_C1_52_01D18$70$8RAR$999$aORPH$bORPH$cKTS1_C1$d2020-07-08$eKoopman$oKTS1 C1.52 01D18$r2021-01-12 00:00:00$w2021-01-12$yEPH
=999  \\$d99

