=LDR  02987    a2200637   4500
=001  104
=008  211124s1797\\\\\\\g||||\||||\00|\0\ger\d
=041  \\$ager
=100  \\$aDrewis, F. G.$4aut$94855
=245  \\$aFreundschaftliche Briefe über die Theorie der Tonkunst und Composition
=250  \\$a1st ed.
=260  \\$aHalle$bHendel$c1797
=300  \\$aiv-88 pages
=336  \\$aprinted
=500  \\$alittle is known about F. G. Drewis, see http://viaf.org/viaf/7732222
=561  \\$aEx libris Ch.K.B. (?) 1917 (plate)
=648  \0$a18th Century (1701-1800)$1http://www.wikidata.org/entity/Q7015$920899
=650  \0$aComposing$1http://www.wikidata.org/entity/Q92186587$93076
=650  \0$aMusic theory$1http://www.wikidata.org/entity/Q193544$92662
=653  \0$aacciaccatura$341$020137817$w01D25$928450
=653  \0$aarpeggio$341$020137817$w01D25$928797
=653  \0$aBach, C.P.E.$342$020137817$w01D25$928902
=653  \0$aBach, J.S._na dood$383$020137817$w01D25$928973
=653  \0$abasso continuo$38, 9, 10$020137817$w01D25$929163
=653  \0$acomponeren$328$020137817$w01D25$930621
=653  \0$acontrapunt$379-84$020137817$w01D25$930699
=653  \0$aDittersdorf$340$020137817$w01D25$931118
=653  \0$apolonaise$365, 66$020137817$w01D25$936057
=653  \0$aemoties$343, 57, 58$020137817$w01D25$931445
=653  \0$aFasch$33$020137817$w01D25$931619
=653  \0$aSulzer$310, 73$020137817$w01D25$936672
=653  \0$atempo$365, 67$020137817$w01D25$936814
=653  \0$atempo rubato$326$020137817$w01D25$936822
=653  \0$aGraun$314$020137817$w01D25$932339
=653  \0$aHändel_na dood$381$020137817$w01D25$932535
=653  \0$aTürk, J. D.$33, 6, 10$020137817$w01D25$937229
=653  \0$aHeinichen$379$020137817$w01D25$932675
=653  \0$aViadana, L.$39$020137817$w01D25$937529
=653  \0$akerktoonsoorten$317, 18$020137817$w01D25$933376
=653  \0$awoorddeklamatie$328-43, 60, 61$020137817$w01D25$938052
=653  \0$aKirnberger, J.P.$39, 10, 73, 83$020137817$w01D25$933424
=653  \0$aZelter$33, 11$020137817$w01D25$938126
=653  \0$aRameau_en basso continuo$39, 47$020137817$w01D25$938220
=653  \0$arecitatief$359, 60, 61$020137817$w01D25$938285
=653  \0$aReichardt$33, 14$020137817$w01D25$938335
=653  \0$akwint/octaafparallellen$351-53$020137817$w01D25$933821
=653  \0$aMarpurg, F.W.$39, 74$020137817$w01D25$934483
=653  \0$amars$367$020137817$w01D25$934486
=653  \0$amensuurtekens$321-26$020137817$w01D25$934669
=653  \0$amenuet$366$020137817$w01D25$934673
=653  \0$aMozart, W.A.$326, 57$020137817$w01D25$934927
=653  \\$agoede/slechte tellen in maat$323$932255$020137817$w01D25
=856  \\$uhttps://books.google.be/books?id=bTNDAAAAcAAJ$3Google Books
=942  \\$cBOO
=952  \\$00$10$2ddc$40$6KTS_1_000000000000000_C1_52_01D25$70$8RAR$9104$aORPH$bORPH$cKTS1_C1$d2020-07-08$eKoopman$oKTS1 C1.52 01D25$p20137817$r2021-01-12 00:00:00$w2021-01-12$yBOO
=999  \\$d104

