=LDR  01024aam a2200229   4500
=001  106
=008  211124s1644\\\\|||a||||\||||\00|\d\dut\d
=041  \\$adut
=100  \\$aBredero, Gerbrand Adriaenszoon$d1585-1618$4aut$1http://www.wikidata.org/entity/Q560740$94858
=245  \\$aLucelle
=260  \\$aAmsterdam$bHartgers$c1644
=300  \\$a[65] pages
=336  \\$aprinted
=500  \\$aThe play is an adaptation of French prose by Louis Le Jars
=534  \\$aOriginally published in 1616
=590  \\$agespeelt op de Nederduytsche Academie op het woordt: Schijn Bedrieght
=648  \0$a17th Century (1601-1700)$1http://www.wikidata.org/entity/Q7016$920923
=650  \0$aPlay (theater)$1http://www.wikidata.org/entity/Q25379$921414
=651  \0$aAmsterdam (Netherlands)$1http://www.wikidata.org/entity/Q727$9135
=942  \\$cBOO
=952  \\$00$10$2ddc$40$6KTS_1_000000000000000_C1_52_01D26$70$8RAR$9106$aORPH$bORPH$cKTS1_C1$d2020-07-08$eKoopman$i01D26$oKTS1 C1.52 01D26$p20137815$r2021-01-12 00:00:00$w2021-01-12$yBOO
=999  \\$d106

