=LDR  01258aam a2200277   4500
=001  109
=008  211124s1767\\\\|||fa|||\||||\00|\f\fre\d
=041  \\$afre
=100  \\$aMarmontel, Jean-François$d1723-1799$4aut$1http://www.wikidata.org/entity/Q379923$94757
=245  \\$aBélisaire
=260  \\$aVienna$bMerlin$c1767
=300  \\$ax-340-[8] pages$b3 plates inserted
=336  \\$aprinted
=500  \\$aPlea for tolerance, but condemned see 26D11
=500  \\$aMs. notes on front matter
=501  \\$a'Fragmens de philosophie morale'
=561  \\$aEx libris Romain Giraux (ms.)
Ex libris J.B. Deleze (ms.)
=648  \0$a18th Century (1701-1800)$1http://www.wikidata.org/entity/Q7015$920899
=650  \0$aReligion$1http://www.wikidata.org/entity/Q9174$93062
=650  \0$aPhilosophy$1http://www.wikidata.org/entity/Q5891$92357
=650  \0$aNovel$1http://www.wikidata.org/entity/Q8261$921629
=651  \0$aFrance$1http://www.wikidata.org/entity/Q142$9131
=856  \\$uhttps://gallica.bnf.fr/ark:/12148/bpt6k96921511/f23.item$3Gallica
=942  \\$cBOO
=952  \\$00$10$2ddc$40$6KTS_1_000000000000000_C1_52_01D28C$70$8RAR$9109$aORPH$bORPH$cKTS1_C1$d2020-07-08$eKoopman$i01D28c$oKTS1 C1.52 01D28c$p20137813$r2021-01-12 00:00:00$w2021-01-12$yBOO
=999  \\$d109

