=LDR  01984    a2200409   4500
=001  114
=008  211124s1864\\\\||||||||\||||\00|\0\fre\d
=041  \\$afre
=100  \\$aThoinan, Ernest$d1827-1894$4aut$1http://www.wikidata.org/entity/Q18117907$94861
=245  \\$aLes Origines de la chapelle-musique des souverains de France
=250  \\$a1st ed.
=260  \\$aParis$bClaudin$c1864
=300  \\$a[ii]-97-[4] pages
=336  \\$aprinted
=500  \\$aTon Koopman's index is written directly in the book
=500  \\$a'A monsieur Albert De Lasalle'
=648  \0$a19th Century (1801-1900)$1http://www.wikidata.org/entity/Q6955$920935
=650  \0$aMusic history$1http://www.wikidata.org/entity/Q846047$921373
=650  \0$aInstitution$1http://www.wikidata.org/entity/Q178706$94241
=651  \0$aFrance$1http://www.wikidata.org/entity/Q142$9131
=653  \0$abezetting_vocaal$354, 57, 62-64, 68-70, 75, 77, 91-92$020137819$w01D31$929535
=653  \0$aBinchois$366$020137819$w01D31$929578
=653  \0$aboekoplage$3tp$020137819$w01D31$929699
=653  \0$aOckeghem, J.$363, 64, 71-74$020137819$w01D31$935322
=653  \0$aorgel_middeleeuwen$317, 18, 31, 32, 45$020137819$w01D31$935515
=653  \0$adynamiek$360$020137819$w01D31$931346
=653  \0$ajongenssopraan$354, 70$020137819$w01D31$933241
=653  \0$aJosquin$376-82$020137819$w01D31$933255
=653  \0$asalaris$367-69, 75, 83, 84$020137819$w01D31$938697
=653  \\$aBusnois, J.$366, 67$930070$020137819$w01D31
=653  \\$aKarel de Stoute als componist$366, 67$933316$020137819$w01D31
=653  \\$akattenorgel$372$933320$020137819$w01D31
=653  \\$aMouton, J.$377, 84, 85, 90, 91$934919$020137819$w01D31
=856  \\$uhttps://books.google.be/books?id=CrANAAAAYAAJ$3Google Books
=942  \\$cBOO
=952  \\$00$10$2ddc$40$6KTS_1_000000000000000_C1_53_01D31$70$8RAR$9114$aORPH$bORPH$cKTS1_C1$d2020-07-08$eKoopman$i01D31$oKTS1 C1.53 01D31$p20137819$r2021-01-12 00:00:00$w2021-01-12$yBOO
=999  \\$d114

