=LDR  01075aam a2200241   4500
=001  117
=008  211124s1845\\\\\\\ag|||\||||\00|\0\eng\d
=041  \\$aeng
=059  \\$av
=100  \\$aPaul, J. H.$4cmp$94865
=245  \\$aThe Royal Polka Song Book
=260  \\$aLondon$bRyle$c1845
=300  \\$aviii-280 pages$bill., music examples
=336  \\$aprinted
=500  \\$aIn the series 'Thespian biography: forming the most complete, extensive and valuable collection of ancient and modern songs'
=648  \0$a19th Century (1801-1900)$1http://www.wikidata.org/entity/Q6955$920935
=650  \0$aMusic history$1http://www.wikidata.org/entity/Q846047$921373
=650  \0$aDance$1http://www.wikidata.org/entity/Q6034$924845
=650  \0$aSong$1http://www.wikidata.org/entity/Q7366$94164
=651  \0$aLondon (United Kingdom)$1http://www.wikidata.org/entity/Q84$9123
=942  \\$cBOO
=952  \\$00$10$2ddc$40$6KTS_1_000000000000000_C1_52_01D29$70$8RAR$9117$aORPH$bORPH$cKTS1_C1$d2020-07-08$eKoopman$i01D29$oKTS1 C1.52 01D29$p20137810$r2021-01-12 00:00:00$w2021-01-12$yBOO
=999  \\$d117

