=LDR  02085aam a2200301   4500
=001  118
=008  230817s1703\\\\||||||||\||||\00|\0dlat\d
=041  \\$alat$hgrc
=100  \\$aXenophon$4aut$1http://www.wikidata.org/entity/Q129772$94866
=245  \\$aXenophontis philosophi et imperatoris clarissimi historiarum de Cyri Majoris institutione libri octo
=260  \\$aLondon$bRedmayne$c1703
=300  \\$a[v]-217-[11] pages
=500  \\$aCyrus II of Persia (c. 600–530 BC) commonly known as Cyrus the Great, was the founder of the Achaemenid Empire, the First Persian Empire. Under his rule the empire embraced all of the previous civilized states of the ancient Near East, expanded vastly and eventually conquered most of Western Asia and much of Central Asia. Spanning from the Mediterranean Sea and Hellespont in the west to the Indus River in the east, the empire created by Cyrus was the largest the world had yet seen.
=501  \\$aBound in with Xenophon's 'De Cyri institutione libri octo'
=561  \\$aEx libris Thomas Jones, 1772 (manuscript) & Thomas Whitsuick (?) (manuscript)
=600  00$1http://www.wikidata.org/entity/Q8423$aCyrus$cthe Great, King of Persia$d-530 B.C. or 529 B.C.$926438
=648  \0$1http://www.wikidata.org/entity/Q486761$aClassical Antiquity (8th Century BC-6th Century AD)$921435
=648  \0$1http://www.wikidata.org/entity/Q7015$a18th Century (1701-1800)$920899
=650  \0$aHistory$1http://www.wikidata.org/entity/Q309$921403
=650  \0$aPhilosophy$1http://www.wikidata.org/entity/Q5891$92357
=650  \0$aPolitics$1http://www.wikidata.org/entity/Q7163$921826
=650  \0$aBiography$1http://www.wikidata.org/entity/Q36279$91927
=651  \0$1http://www.wikidata.org/entity/Q41$aGreece$921778
=700  \\$4trl$94867$aAmelburn, John L.
=856  \\$uhttps://archive.org/details/bub_gb_BAhgq3vYcgIC$3Internet Archive
=942  \\$cBOO
=952  \\$00$10$2ddc$40$6KTS_1_000000000000000_C3_26_01E01B$70$8RAR$9118$aORPH$bORPH$cKTS1_C3$d2020-07-08$eKoopman$l0$oKTS1 C3.26 01E01b$p20145687b$r2021-01-12 00:00:00$w2021-01-12$yBOO
=999  \\$d118

