=LDR  01443aam a2200277   4500
=001  119
=008  230817r17321730|||a||||\||||\00|\0\dut\d
=041  \\$adut
=100  \\$aSchrassert, Johan$d1687-1756$4aut$1http://www.wikidata.org/entity/Q2187739$94868
=245  \\$aHardervicum antiquum ofte Beschrijvinge der stadt Harderwijck$nvols. 1-2
=250  \\$a2nd ed.
=260  \\$aHarderwijk$bLunterbosch$bBrinkink$c1732
=300  \\$a2 volumes in 1 ([vi]-206[6]+[iv]-184-[7] pages)
=500  \\$aJohan Schrassert (1687-1756) was a Dutch lawyer and writer. Schrassert is best known as the author of a total of sixteen books, mainly in the legal field.
=500  \\$aThe second edition was supplemented with a list of years with detailed descriptions.
=561  \\$aEx libris J.H.A. Hoelen (plate)
=563  \\$aBound in white vellum
=648  \0$1http://www.wikidata.org/entity/Q7015$a18th Century (1701-1800)$920899
=650  \0$aHistory$1http://www.wikidata.org/entity/Q309$921403
=650  \0$aPolitics$1http://www.wikidata.org/entity/Q7163$921826
=650  \0$aLaw$1http://www.wikidata.org/entity/Q7748$93727
=651  \0$aHarderwijk (Netherlands)$926440
=856  \\$uhttps://books.google.be/books?id=yFtbAAAAQAAJ$3Google Books
=942  \\$cBOO
=952  \\$00$10$2ddc$40$6KTS_1_000000000000000_C3_26_01E02$70$8RAR$9119$aORPH$bORPH$cKTS1_C3$d2020-07-08$eKoopman$l0$oKTS1 C3.26 01E02$p20145689$r2021-01-12 00:00:00$w2021-01-12$yBOO
=999  \\$d119

