=LDR  03302aam a2200277   4500
=001  120
=008  230817s1667\\\\||||||||\||||\00|\0\ger\d
=041  \\$ager
=100  1\$aMeyer, Martin$4aut$94869$dc.1630-c.1669
=245  \\$aDiarii europæi, insertis variis actis publicis$pvol. 14
=250  \\$a1st ed.
=260  \\$aFrankfurt$bSerlin$c1667
=300  \\$a[xiii]-184-[iv]-288-[vi]-230-[ii]-75-14 pages
=500  \\$aDiarium Europaeum (Latin for 'Journal of Europe') was a journal of history and current affairs founded by Martin Meyer, who wrote under the name Philemerus Irenicus Elisius. It was published between 1659 and 1683 in 45 volumes, and later renamed Allgemeine Schau-Bühne der Welt (German for 'Theatre of the World'). Wilhelm Serlin served as publisher from the journal's inception until Serlin's death. The journal focussed on contemporary events as opposed to chronicles of more distant times
=500  \\$aContains three appendices
=563  \\$aBound in white vellum
=590  \\$aOder Täglicher Geschichts-Erzehlung: Von den denckwürdigsten Geschichten, so sich in gantz Europa, bey Friedens- und Kriegs-Geschäfften, und zwar vornehmlich, In dem Heil. Röm. Teutschen Reiche, bey allgemeiner Reichs-Versammlung zu Regenspurg, und Stillung der, in der Chur-Pfaltz und selbiger Nachbarschafft am Rhein-Strohm, wie auch in dem Hertzogthum Bremen, entstandener Kriegs-Unruh; So dann, ausser demselben, in anderen nah und fern gelegenen Königreichen und Republicken, absonderlich aber in Polen, wegen Niederdrückung der innerlichen Empörungen, deßgleichen zwischen Engelland und den vereinigten Niederlanden, wie auch zwischen diesen, den vereinigten Niederlanden, und dem Herrn Bischoff zu Münster, in Kriegs-Sachen, zu Wasser und Land, und sonst anderwärts, bey andern Begebenheiten, in der Welt hin und wieder, theils im 1665. und theils im 1666. Jahr, zugetragen. Wobey noch ein besonderer APPENDIX, oder, Anhang, Von unterschiedenen schrifftlichen Handlungen, Welche, theils in dem Heil. Röm. Reich bey dem zwischen Chur-Mäyntz, dessen Conföderirten, und Chur-Pfaltz, beliebten und, im Jahr 1665. zu Heilbronn, angestelltem Compromiss-Werck, biß auff dessen daselbst, am 7.17. Febr. Dieses 1667. Jahrs, publicirtes Laudum oder Compromißlichen Außspruch; Wie nicht weniger, zwischen der Cron Schweden und gemeiner Stadt Bremen, deroselben Vocation, Session und Votum, in dem Reichs-Städte-Rath, betreffend, vormahls und itzt, Und dann zwischen theils Chur- und Fürsten deß Reichs und andern außwärtigen Potentaten und Republicken, in Verträgen, Bündnüssen und Deductionen, in abgewichenem Jahretractiret und abgehandelt worden.
=648  \0$1http://www.wikidata.org/entity/Q7016$a17th Century (1601-1700)$920923
=650  \0$aHistory$1http://www.wikidata.org/entity/Q309$921403
=650  \0$aPolitics$1http://www.wikidata.org/entity/Q7163$921826
=651  \0$1http://www.wikidata.org/entity/Q183$aGermany$9155
=651  \0$1http://www.wikidata.org/entity/Q46$aEurope$991
=856  \\$uhttps://books.google.be/books?id=k8HPMYJChEcC$3Google Books
=942  \\$cBOO
=952  \\$00$10$2ddc$40$6KTS_1_000000000000000_C3_26_01E04$70$8RAR$9120$aORPH$bORPH$cKTS1_C3$d2020-07-08$eKoopman$l0$oKTS1 C3.26 01E04$p20145688$r2021-01-12 00:00:00$w2021-01-12$yBOO
=999  \\$d120

