=LDR  01892aam a2200301   4500
=001  121
=008  230814s1698\\\\||||||||\||||\00|\0\mul\d
=041  \\$alat$hgrc
=100  \\$aXenophon$4aut$1http://www.wikidata.org/entity/Q129772$94866
=245  \\$aDe Cyri institutione libri octo
=260  \\$aLondon$bRedmayne$bNewborough$bPauli$bNicholson$c1698
=300  \\$a[ii]-232-[8] pages
=500  \\$aCyrus II of Persia (c. 600–530 BC) commonly known as Cyrus the Great, was the founder of the Achaemenid Empire, the First Persian Empire. Cyrus is also recognized for his achievements in human rights, politics, and military strategy, as well as his influence on both Eastern and Western civilizations.
=500  \\$aGreek version bound in with the Latin
=501  \\$aBound in with Xenophon's 'philosophi et imperatoris clarissimi historiarum de Cyri Majoris institutione libri octo'
=561  \\$a Ex libris Thomas Jones, 1772 (manuscript) & Thomas Whitsuick (?) (manuscript) 
=600  00$1http://www.wikidata.org/entity/Q8423$aCyrus$cthe Great, King of Persia$d-530 B.C. or 529 B.C.$926438
=648  \0$1http://www.wikidata.org/entity/Q486761$aClassical Antiquity (8th Century BC-6th Century AD)$921435
=648  \0$1http://www.wikidata.org/entity/Q7016$a17th Century (1601-1700)$920923
=650  \0$aHistory$1http://www.wikidata.org/entity/Q309$921403
=650  \0$aPolitics$1http://www.wikidata.org/entity/Q7163$921826
=650  \0$aEducation$1http://www.wikidata.org/entity/Q8434$926206
=650  \0$aLiterature$1http://www.wikidata.org/entity/Q8242$94439
=651  \0$1http://www.wikidata.org/entity/Q41$aGreece$921778
=700  \\$4trl$94867$aAmelburn, John L.
=942  \\$cBOO
=952  \\$00$10$2ddc$40$6KTS_1_000000000000000_C3_26_01E01A$70$8RAR$9121$aORPH$bORPH$cKTS1_C3$d2020-07-08$eKoopman$l0$oKTS1 C3.26 01E01a$p20145687a$r2021-01-12 00:00:00$w2021-01-12$yBOO
=999  \\$d121

