=LDR  01168aam a2200229   4500
=001  122
=008  230817s1733\\\\|||a||||\||||\00|\d\ita\d
=041  \\$aita
=100  \\$aErcolani, Giuseppe Maria$d1673-1759$4aut$1http://www.wikidata.org/entity/Q3770909$94870
=245  \\$aLa Sulamitide:$bBoschareccia sagra
=260  \\$aRome$bVolpe$bdalla$c1733
=300  \\$a95-[1] pages
=500  \\$aGiuseppe Maria Ercolani (1673-1759) was a lawyer, architect, and poet who also pursued geography, theology, and mathematics. 'Sulamitide' is a play about a son of the king of Egypt at the time of Solomon
=534  \\$aOriginally published in 1732
=590  \\$aDi Neralco Pastore Arcade
=648  \0$1http://www.wikidata.org/entity/Q7015$a18th Century (1701-1800)$920899
=650  \0$aPlay (theater)$1http://www.wikidata.org/entity/Q25379$921414
=650  \0$aHistory$1http://www.wikidata.org/entity/Q309$921403
=651  \0$1http://www.wikidata.org/entity/Q38$aItaly$922
=942  \\$cBOO
=952  \\$00$10$2ddc$40$6KTS_1_000000000000000_C3_26_01E06$70$8RAR$9122$aORPH$bORPH$cKTS1_C3$d2020-07-08$eKoopman$l0$oKTS1 C3.26 01E06$p20145690$r2021-01-12 00:00:00$w2021-01-12$yBOO
=999  \\$d122

