=LDR  58298aam a2210381   4500
=001  123
=005  20251029143452.0
=008  220120s1780\\\\\\\afg||\||||\00|\0\fre\d
=041  \\$afre
=059  \\$avv
=100  \\$aLa Borde, Jean-Benjamin de$d1734-1794$4aut$1http://www.wikidata.org/entity/Q932694$94871
=245  \\$aEssai sur la musique ancienne et moderne
=250  \\$a1st ed.
=260  \\$aParis$bOnfroy$c1780
=300  \\$a4 volumes (5-xx-445-xviii+444-178+702+476-27-8-lvi-59-59 pages)$b+/- 57 illustrated plates inserted in vol. 1, 4 folded sheets
=500  \\$aVol. 1/1=01E08 (livre 1) deals with music in general, its categories, history, and gestures, as well as with music among the Chinese, Hungarians, Persians, Turks and Arabs; engravings at pages 275 and 343
=500  \\$avol. 1/2=01E08 (livre 2) deals with instruments; categories: church music, Russian music, opera
=500  \\$avol. 2/1=01E09 (livre 3) = 'abrégé d'un traité de composition' with hundreds of examples from the 16th and 17th centuries
=500  \\$avol. 2/2=01E09 (livre 4) deals with chansons
=500  \\$avol. 3=01E10 (livre 5) deals with famous poets, musicians and composers in Greco-Roman Antiquity, Italy and France
=500  \\$avol. 4 (livre 6) deals with French lyric poets and has annexes about Machaut and others
=500  \\$apages 65-106 of book 2 are misplaced at the end of book 4
=500  \\$avol. 4 has a separately paginated 'Indice' after p. 476
=648  \0$a18th Century (1701-1800)$1http://www.wikidata.org/entity/Q7015$920899
=650  \0$aMusic history$1http://www.wikidata.org/entity/Q846047$921373
=650  \0$aMusic criticism$1http://www.wikidata.org/entity/Q11748889$921598
=651  \0$aFrance$1http://www.wikidata.org/entity/Q142$9131
=653  \0$aa =$3351$020145692$w01E08_01$928388
=653  \0$aAaron, P.$3331$020145693$w01E08_02$928410
=653  \0$aAaron, P.$3463$020145695$w01E08_04$928410
=653  \0$aAbbé Arnaud$3547-567$020145693$w01E08_02$928412
=653  \0$aAbbé le fils$3489, 490$020145693$w01E08_02$928415
=653  \0$aAbbé Morelet$3656, 657$020145693$w01E08_02$928416
=653  \0$aademhalen$3325$020145693$w01E08_02$928491
=653  \0$aAffilard, L'$3541$020145693$w01E08_02$928507
=653  \0$aAgazzari, A.$3331$020145693$w01E08_02$928517
=653  \0$aAgricola, M.$3463, 464$020145695$w01E08_04$928537
=653  \0$aAgricola, R.$3331, 332$020145693$w01E08_02$928538
=653  \0$aAlberti, D.$3161, 162, 507$020145693$w01E08_02$928560
=653  \0$aAlbinoni$3162, 163$020145693$w01E08_02$928564
=653  \0$aalcohol$3397$020145693$w01E08_02$928577
=653  \0$aalcohol$3326$020145695$w01E08_04$928577
=653  \0$aAlembert, D'$327, 33, 39, 45$020145693$w01E08_02$928583
=653  \0$aAlembert, d' $3541-544, 609, 653, 669, 671$020145693$w01E08_02$928585
=653  \0$aAlgarotti, F.$3332$020145693$w01E08_02$928594
=653  \0$aalgemene muziekleer$31-64$020145693$w01E08_02$928595
=653  \0$aAllegri$3163$020145693$w01E08_02$928603
=653  \0$aaltviool / quinte$3304, 304 afb, 308, 309$020145692$w01E08_01$928632
=653  \0$aambrosiaans gezang$3363, 364, 620$020145693$w01E08_02$928649
=653  \0$aAmiot$3125, 360-366$020145692$w01E08_01$928658
=653  \0$aAmiot$3544-547, 679$020145693$w01E08_02$928658
=653  \0$aAnfossi, P.$3164, 165$020145693$w01E08_02$928697
=653  \0$aApollon$3527$020145693$w01E08_02$928731
=653  \0$aAraya, F.$3165$020145693$w01E08_02$928750
=653  \0$aarcicembalo$3370, 371$020145693$w01E08_02$928757
=653  \0$aAriosti, A.$3165, 166$020145693$w01E08_02$928775
=653  \0$aartikulatie$3383$020145692$w01E08_01$928817
=653  \0$aartikulatie$329 afb, 416-418, Ch.xii$020145693$w01E08_02$928817
=653  \0$aArtusi$3332$020145693$w01E08_02$928829
=653  \0$aAubert$3376$020145693$w01E08_02$928859
=653  \0$aAugustinus$3332, 333$020145693$w01E08_02$928871
=653  \0$aaulos$3227 (afb), 227, 235, 242, 295$020145692$w01E08_01$928873
=653  \0$aAvison, C.$351$020145692$w01E08_01$928885
=653  \0$aBach, J.S.$3461$020145695$w01E08_04$928929
=653  \0$abezetting_vocaal$3315, 322, 329, 531$020145693$w01E08_02$929535
=653  \0$aBacilly, B. de$3383$020145693$w01E08_02$929003
=653  \0$aBaglioni, Fam. $3329$020145693$w01E08_02$929023
=653  \0$aBalbastre, C.$3383, 384$020145693$w01E08_02$929038
=653  \0$aBalbâtre$3350$020145692$w01E08_01$929039
=653  \0$aBigaglia, D.$3170$020145693$w01E08_02$929563
=653  \0$aBlainville$362$020145693$w01E08_02$929602
=653  \0$aBlainville$3577-585, 619, 683$020145693$w01E08_02$929602
=653  \0$aBlainville$311, 12$020145695$w01E08_04$929602
=653  \0$aBlamont, C. de$372$020145692$w01E08_02_Ch.xii$929604
=653  \0$aBlamont, Colin de $3300$020145695$w01E08_04$929606
=653  \0$aBlamont, F. C. de $3391, 392$020145693$w01E08_02$929607
=653  \0$aBlanchet$3345$020145692$w01E08_01$929612
=653  \0$aBlanchet$3585$020145693$w01E08_02$929612
=653  \0$aBlanchet, fam.$3409$020145693$w01E08_02$929614
=653  \0$aBarre, de la$3274$020145695$w01E08_04$929099
=653  \0$aBlavet$3497, 498$020145693$w01E08_02$929624
=653  \0$ablokfluit$3225, 227, 257, 265$020145692$w01E08_01$929645
=653  \0$abasso continuo$346, 47$020145693$w01E08_02$929163
=653  \0$abasso continuo_Frankrijk 18e eeuw$3617-619, 626$020145693$w01E08_02$929190
=653  \0$aBataille$316$020145692$w01E08_02_Ch.xii$929213
=653  \0$aBatistin$3385$020145693$w01E08_02$929215
=653  \0$aBoësset$3123$020145692$w01E08_01$929712
=653  \0$aBoësset, A.$327$020145692$w01E08_02_Ch.xii$929713
=653  \0$aBoetius$3335$020145693$w01E08_02$929718
=653  \0$aBoismortier$3392-394$020145693$w01E08_02$929736
=653  \0$aBonanni, P.$3335, 353$020145693$w01E08_02$929749
=653  \0$aBonnet, J.$3588$020145693$w01E08_02$929752
=653  \0$aBononcini$3412$020145692$w01E08_01$929756
=653  \0$aBononcini, J.$3170, 171, 208, 336$020145693$w01E08_02$929761
=653  \0$aBononcini, M.A.$3170, 171, 208, 336$020145693$w01E08_02$929763
=653  \0$aBontempi$3336$020145693$w01E08_02$929764
=653  \0$aBenevoli, O.$3168$020145693$w01E08_02$929425
=653  \0$aBérard$3496, 497, 585$020145693$w01E08_02$929431
=653  \0$aBerardi, A.$3334$020145693$w01E08_02$929433
=653  \0$aBernasconi, A.$3168$020145693$w01E08_02$929457
=653  \0$aBernier, N.$3386, 387, 395, 449, 529$020145693$w01E08_02$929463
=653  \0$aBertin$3300, 399$020145695$w01E08_04$929476
=653  \0$aBerton$3401, 414$020145692$w01E08_01$929478
=653  \0$aBerton / Bertoni$3387-390$020145693$w01E08_02$929479
=653  \0$aBertoni$3458, 459$020145695$w01E08_04$929481
=653  \0$aBertoni, F.$3168, 169, 241, 317, 387$020145693$w01E08_02$929482
=653  \0$abespelen van meer instrumenten$3407$020145692$w01E08_01$929496
=653  \0$aBrossard$322$020145693$w01E08_02$929959
=653  \0$aBrossard, J. de$3397$020145693$w01E08_02$929960
=653  \0$aBrossard, S. de$3599$020145693$w01E08_02$929962
=653  \0$aBuisson, du$3397$020145693$w01E08_02$930011
=653  \0$aCaccini, J.$3174$020145693$w01E08_02$930102
=653  \0$acadens$3318$020145693$w01E08_02$930106
=653  \0$aCaldara, A.$3175, 176, 386$020145693$w01E08_02$930130
=653  \0$aCalvisius, S.$3464, 465$020145695$w01E08_04$930145
=653  \0$aCambert$3123, 396$020145692$w01E08_01$930147
=653  \0$aCambert$3400$020145693$w01E08_02$930147
=653  \0$aCambert$3304, 305$020145695$w01E08_04$930147
=653  \0$aCampion$3602$020145693$w01E08_02$930168
=653  \0$aCampra, A.$3124$020145692$w01E08_01$930173
=653  \0$aCampra, A.$3401$020145693$w01E08_02$930173
=653  \0$aCampra, A.$3274, 354, 369$020145695$w01E08_04$930173
=653  \0$acanon$350-52$020145693$w01E08_02$930183
=653  \0$acanon$365-74, 103$020145695$w01E08_04$930183
=653  \0$aCarissimi$3177, 404$020145693$w01E08_02$930243
=653  \0$aCarissimi, J.$3459, 460$020145695$w01E08_04$930245
=653  \0$aCastel$3351-356$020145692$w01E08_01$930272
=653  \0$aCastel, B.$3587, 605$020145693$w01E08_02$930273
=653  \0$acastraten$3494, 508$020145693$w01E08_02$930282
=653  \0$aCavalli, F.$3179$020145693$w01E08_02$930328
=653  \0$acello$3309 afb, 309-323$020145692$w01E08_01$930344
=653  \0$acello$3183, 489, 507, 515, 523, 524, 529, 577$020145693$w01E08_02$930344
=653  \0$aCesti, A.$3179, 180$020145693$w01E08_02$930378
=653  \0$aChambonnieres$3499$020145693$w01E08_02$930389
=653  \0$aCharpentier, M.A.$3404, 405, 431$020145693$w01E08_02$930409
=653  \0$aChastellux$3116$020145692$w01E08_02_Ch.xii$930413
=653  \0$aChastellux$370-75, 230$020145695$w01E08_04$930413
=653  \0$amuziek_in middeleeuwen$3131-309-352-424$020145693$w01E08_02$935053
=653  \0$amuziek_in middeleeuwen$3gedeeltelijk$020145692$w01E08_02_Ch.xii$935053
=653  \0$amuziek_in middeleeuwen$31-27$020145695$w01E08_04$935053
=653  \0$amuziekautomaat$3272, 273$020145692$w01E08_01$935066
=653  \0$amuziekautomaten$3603, 620-623$020145693$w01E08_02$935067
=653  \0$aclavecin oculaire$3351-354, 356$020145692$w01E08_01$930518
=653  \0$aclavecin oculaire$3605$020145693$w01E08_02$930518
=653  \0$aClerambault$3124$020145692$w01E08_01$930544
=653  \0$aClerambault$3406$020145693$w01E08_02$930544
=653  \0$aCliquot$3383$020145693$w01E08_02$930553
=653  \0$acolascione$3291 afb, 291-293$020145692$w01E08_01$930576
=653  \0$aColasse, P.$3407, 431, 432$020145693$w01E08_02$930578
=653  \0$aColonna, F.$3338$020145693$w01E08_02$930602
=653  \0$aColonna, J.P.$3181$020145693$w01E08_02$930604
=653  \0$aNewton, I.$3359, 360, 361, 613$020145693$w01E08_02$935220
=653  \0$aNivers$3431, 494$020145693$w01E08_02$935253
=653  \0$aNivers$3658$020145693$w01E08_02$935253
=653  \0$anoëls$3118$020145692$w01E08_01$935260
=653  \0$anotatieproblemen$329 afb, 417, 435$020145693$w01E08_02$935285
=653  \0$acontrabas$3293, 309 afb$020145692$w01E08_01$930692
=653  \0$acontrabas$324 afb$020145693$w01E08_02$930692
=653  \0$acontrabas$3621$020145693$w01E08_02$930692
=653  \0$acontrapunt$351-55$020145693$w01E08_02$930699
=653  \0$aCorelli$357, 124$020145692$w01E08_01$930735
=653  \0$aCorelli, A.$3182, 183, 529$020145693$w01E08_02$930736
=653  \0$aCorneille, P.$393, 94, 349$020145695$w01E08_04$930743
=653  \0$aCorneille, T.$393, 94, 349$020145695$w01E08_04$930744
=653  \0$aCouperin, A.L.$3350$020145692$w01E08_01$930791
=653  \0$aCouperin, A.L.$3409$020145693$w01E08_02$930791
=653  \0$aCouperin, F.$3124$020145692$w01E08_01$930793
=653  \0$aorganiste (vrouw)$3408, 409$020145693$w01E08_02$935460
=653  \0$aCouperin, Fr.$3399, 408, 409, 454, 610$020145693$w01E08_02$930797
=653  \0$aCouperin, L.$3408$020145693$w01E08_02$930800
=653  \0$aCouperin, L.$3399, 408, 409, 454, 610$020145693$w01E08_02$930800
=653  \0$aCuzzoni$3412$020145692$w01E08_01$930878
=653  \0$aCuzzoni, F.$3233, 326$020145693$w01E08_02$930879
=653  \0$aDanchet, A.$399, 100$020145695$w01E08_04$930919
=653  \0$aDandrieu$3610$020145693$w01E08_02$930920
=653  \0$adansen$3167, 168, 287, 305$020145695$w01E08_04$930928
=653  \0$aDaquin, L.C.$3375, 376, 396$020145693$w01E08_02$930944
=653  \0$aDauvergne$3274$020145695$w01E08_04$930955
=653  \0$aDauvergne, A.$3376-382, 475, 536$020145693$w01E08_02$930956
=653  \0$aOrlandini, J.M.$3207, 208$020145693$w01E08_02$935617
=653  \0$aDescartes$3338, 613-616, 640$020145693$w01E08_02$931024
=653  \0$aDesmarest$3409, 411-413, 454$020145693$w01E08_02$931028
=653  \0$aDesmarest$3300, 356, 357, 378$020145695$w01E08_04$931028
=653  \0$aDespréaux$3129, 342$020145695$w01E08_04$931035
=653  \0$aDestouches$3398, 399, 403$020145692$w01E08_01$931036
=653  \0$aDestouches$3274, 300, 369$020145695$w01E08_04$931036
=653  \0$aDestouches, A.$3413$020145693$w01E08_02$931037
=653  \0$adichteres$3267$020145693$w01E08_02$931056
=653  \0$adichteres$320, 159, 209, 210, 276, 378, 389, 400, 405, 441$020145695$w01E08_04$931056
=653  \0$adichters in Frankrijk$3wb$020145695$w01E08_04$931058
=653  \0$aDiderot$3596, 615, 616, 617$020145693$w01E08_02$931062
=653  \0$aPaisiello$3403$020145692$w01E08_01$935717
=653  \0$aPaisiello, J.$3209, 214$020145693$w01E08_02$935719
=653  \0$aPalestrina$3208, 210, 332$020145693$w01E08_02$935723
=653  \0$apandora$3291 afb, 302$020145692$w01E08_01$935734
=653  \0$aParadies$3211$020145693$w01E08_02$935756
=653  \0$adoedelzak$3222 afb, 248, 255 afb, 255, 268, 275, 278$020145692$w01E08_01$931125
=653  \0$adoedelzak$3424$020145693$w01E08_02$931125
=653  \0$adoedelzak$3501, 506, 530, 538, 594$020145693$w01E08_02$931125
=653  \0$aDoni$3290$020145692$w01E08_01$931141
=653  \0$aDoni, J.B.$3338, 339$020145693$w01E08_02$931147
=653  \0$adraailier$3288 afb, 302 afb, 305 afb, $020145692$w01E08_01$931190
=653  \0$aDraghi, A.$3183, 184$020145693$w01E08_02$931194
=653  \0$adrukfouten$3475, 476$020145695$w01E08_04$931221
=653  \0$adrukfouten $3iv$020145692$w01E08_01$931222
=653  \0$aDu Bos$367, 68$020145692$w01E08_01$931228
=653  \0$aPergolesi, G.B.$3193, 212, 214$020145693$w01E08_02$935857
=653  \0$aDubos, J.B.$3618$020145693$w01E08_02$931260
=653  \0$aPerto, G.A.$3215, 216, 247$020145693$w01E08_02$935871
=653  \0$aDumont, H.$3414, 415, 473$020145693$w01E08_02$931298
=653  \0$aPhilidor$3160, 322, 390, 391$020145695$w01E08_04$935921
=653  \0$aPhilidor, A.$3403, 413, 414$020145692$w01E08_01$935922
=653  \0$aPhilidor, A.$3461, 462, 463, 465, 529$020145693$w01E08_02$935922
=653  \0$aDurante, F.$3184, 185, 214, 215, 230, 238$020145693$w01E08_02$931320
=653  \0$adwarsfluit$3227, 259-261$020145692$w01E08_01$931340
=653  \0$adwarsfluit$3286$020145693$w01E08_02$931340
=653  \0$adwarsfluit$3493, 497, 528$020145693$w01E08_02$931340
=653  \0$adynamiek$3322, 347$020145692$w01E08_01$931346
=653  \0$adynamiek$3448$020145693$w01E08_02$931346
=653  \0$adynamiek$3104-106, 110, 113$020145692$w01E08_02_Ch.xii$931346
=653  \0$adynamiek$326$020145695$w01E08_04$931346
=653  \0$apochette$3343 afb$020145692$w01E08_01$936040
=653  \0$aPollarolo, C.F.$3167, 222, 223$020145693$w01E08_02$936056
=653  \0$aPorpora, N.$3224$020145693$w01E08_02$936085
=653  \0$aEngramelle$3620-622$020145693$w01E08_02$931474
=653  \0$aPorta, G.$3224, 225$020145693$w01E08_02$936098
=653  \0$aportamento$3310$020145693$w01E08_02$936099
=653  \0$aPoupliniere, A. Riche de la$3328, 329$020145695$w01E08_04$936118
=653  \0$aPouplinières, de la$3428$020145693$w01E08_02$936120
=653  \0$aPraetorius, M.$3470$020145695$w01E08_04$936131
=653  \0$aEuler, L.$3339, 640$020145693$w01E08_02$931549
=653  \0$aEximeno, A.$3339, 340$020145693$w01E08_02$931565
=653  \0$afagot$3222 afb, 256, 323 afb, 324-343$020145692$w01E08_01$931585
=653  \0$afagot$3390, 495, 504-506$020145693$w01E08_02$931585
=653  \0$apsalterium$3287 afb, 302 afb, 302, 303, 309 afb$020145692$w01E08_01$936252
=653  \0$apubliek$364$020145692$w01E08_01$936257
=653  \0$aFavart, C.S.$3119, 186, 187, 285$020145695$w01E08_04$931634
=653  \0$aFel, M.$3510$020145693$w01E08_02$931645
=653  \0$aFeo, F.$3185$020145693$w01E08_02$931660
=653  \0$aQuinault$31, 233, 234, 274, 334-346$020145695$w01E08_04$936302
=653  \0$aRacine$3129, 339, 340, 342, 345, 348, 349, 350, 351, 352, 353$020145695$w01E08_04$936325
=653  \0$aFischietti, D.$3187$020145693$w01E08_02$931732
=653  \0$aflageolet$3257-259$020145692$w01E08_01$931739
=653  \0$aflageoletten$3318, 319$020145692$w01E08_01$931743
=653  \0$aflageoletten$3368, 664$020145693$w01E08_02$931743
=653  \0$aForqueray$3124$020145692$w01E08_01$931825
=653  \0$aForqueray, A.$3509, 510$020145693$w01E08_02$931826
=653  \0$afortepiano$3346, 349, 351$020145692$w01E08_01$931832
=653  \0$afortepiano$3383$020145693$w01E08_02$931832
=653  \0$aFrancoeur$325$020145693$w01E08_02$931855
=653  \0$aFrancoeur, F.$3418-420$020145693$w01E08_02$931857
=653  \0$aFrans-Italiaans$353, 116, 123$020145692$w01E08_01$931874
=653  \0$aFrans-Italiaans$3615$020145693$w01E08_02$931874
=653  \0$aStradella$350, 124$020145692$w01E08_01$936615
=653  \0$aStradella, A.$3237$020145693$w01E08_02$936616
=653  \0$aFreschi, D.$3187, 188, 226$020145693$w01E08_02$931901
=653  \0$aFrescobaldi, G.$3188, 301$020145693$w01E08_02$931903
=653  \0$aStuck, J.$3385$020145693$w01E08_02$936652
=653  \0$aStuck, J. / Batistin$3174, 399$020145695$w01E08_04$936653
=653  \0$asub/semitoetsen$3344$020145692$w01E08_01$936666
=653  \0$aFux, J.J.$3250$020145693$w01E08_02$931956
=653  \0$aGabrieli, A.$3188$020145693$w01E08_02$931960
=653  \0$aGaffurius, F.$3341, 342$020145693$w01E08_02$931967
=653  \0$aGagliano, M. da$3248$020145693$w01E08_02$931971
=653  \0$aGalilei, V.$3342-344$020145693$w01E08_02$931982
=653  \0$aGaluppi$316, 172, 177, 189, 190, 214, 219$020145693$w01E08_02$931992
=653  \0$aGaluppi, B.$3392, 393$020145692$w01E08_01$931993
=653  \0$agamba$3306, 307$020145692$w01E08_01$931995
=653  \0$agamba$3449, 509, 512, 532$020145693$w01E08_02$931995
=653  \0$agamba$3460$020145695$w01E08_04$931995
=653  \0$aTartini, G.$3339, 368, 640, 691$020145693$w01E08_02$936753
=653  \0$aTaskin$3345-350$020145692$w01E08_01$936755
=653  \0$aTaskin, P.$3383$020145693$w01E08_02$936756
=653  \0$aTasso, T.$3295, 296$020145693$w01E08_02$936757
=653  \0$aGasparini, F.$3167, 191, 248, 344$020145693$w01E08_02$932015
=653  \0$aGaviniés$351, 414$020145692$w01E08_01$932050
=653  \0$aGaviniés$3421, 422$020145693$w01E08_02$932050
=653  \0$aGeminiani$3124$020145692$w01E08_01$932109
=653  \0$aGeminiani$3627, 628$020145693$w01E08_02$932109
=653  \0$aGerbert$3629-631, 660$020145693$w01E08_02$932131
=653  \0$aGervais, H.$3412, 425, 431$020145693$w01E08_02$932142
=653  \0$aGesualdo$3241, 242$020145693$w01E08_02$932163
=653  \0$aGiacomelli, G,$3192$020145693$w01E08_02$932180
=653  \0$atempo_van recitatief$3419$020145693$w01E08_02$936837
=653  \0$aTerradellas$3238$020145693$w01E08_02$936859
=653  \0$aTerradellas, D.$3462$020145695$w01E08_04$936860
=653  \0$aGiro, Anna$3327$020145693$w01E08_02$932205
=653  \0$agitaar$3293-295, 299$020145692$w01E08_01$932207
=653  \0$agitaar$3503, 504, 527, 539, 615, 655$020145693$w01E08_02$932207
=653  \0$aGlareanus$3345$020145693$w01E08_02$932215
=653  \0$aglasharmonica$3283$020145692$w01E08_01$932219
=653  \0$aglasharmonica$3515$020145693$w01E08_02$932219
=653  \0$aTodini$3538$020145693$w01E08_02$936967
=653  \0$aGluck$3403$020145692$w01E08_01$932235
=653  \0$aGluck$3427, 428$020145693$w01E08_02$932235
=653  \0$aGluck$3362, 458, 459$020145695$w01E08_04$932235
=653  \0$aGoldoni, C.$3273, 274$020145693$w01E08_02$932266
=653  \0$aGossec$3428-430$020145693$w01E08_02$932278
=653  \0$aGossec$353, 55, 131$020145695$w01E08_04$932278
=653  \0$aTosi, P.F.$3239, 370$020145693$w01E08_02$937040
=653  \0$aTraetta, T.$3392$020145692$w01E08_01$937062
=653  \0$aTraetta, T.$3214, 239, 240$020145693$w01E08_02$937062
=653  \0$aGraziani, B.$3192, 193$020145693$w01E08_02$932359
=653  \0$atravestie$3153$020145695$w01E08_04$937087
=653  \0$aGrétry$3233, 235, 391$020145695$w01E08_04$932387
=653  \0$aGrétry, A.$3403$020145692$w01E08_01$932388
=653  \0$aGrétry, A.$3433-436$020145693$w01E08_02$932388
=653  \0$aGriekse muziek$3i, viii, ix, 7, 20-40, 56-98, 232, 420-430, iii-xviii$020145692$w01E08_01$932396
=653  \0$aGriekse muziek$3113-128$020145693$w01E08_02$932396
=653  \0$aGriekse muziek$31-36, 75-124, 133-154, 600, 601, 603, 625, 626, 661-677, 682$020145693$w01E08_02$932396
=653  \0$atrillers$3655$020145693$w01E08_02$937141
=653  \0$aGuglielmi, P.$3193, 194$020145693$w01E08_02$932472
=653  \0$aGuido$3345-352$020145693$w01E08_02$932473
=653  \0$atrillers_toevoegen$3310$020145693$w01E08_02$937157
=653  \0$atromba marina$3279$020145692$w01E08_01$937183
=653  \0$atrombone$3232 afb?, 272, 275, 276 $020145692$w01E08_01$937186
=653  \0$atrompet$3276, 277, 278$020145692$w01E08_01$937194
=653  \0$aharp$3256 afb, 287 afb, 288 afb, 295 afb, 295-299$020145692$w01E08_01$932582
=653  \0$aharp$3303$020145693$w01E08_02$932582
=653  \0$aharp$3437, 508, 522, 528, 600, 626$020145693$w01E08_02$932582
=653  \0$aHasse, J.A.$3391$020145692$w01E08_01$932608
=653  \0$aHasse, J.A.$3177, 214, 219, 325, 329$020145693$w01E08_02$932608
=653  \0$aVecchi, O. $3253$020145693$w01E08_02$937363
=653  \0$avedel$3305 afb$020145692$w01E08_01$937364
=653  \0$aViadana, L.$3462, 463$020145695$w01E08_04$937529
=653  \0$aVicentino$3370, 371$020145693$w01E08_02$937534
=653  \0$aVicentino, N.$3471, 472$020145695$w01E08_04$937535
=653  \0$aVincentino, N.$3290$020145692$w01E08_01$937556
=653  \0$ahobo$3265-267, 275$020145692$w01E08_01$932805
=653  \0$ahobo$3286, 293$020145693$w01E08_02$932805
=653  \0$ahobo$3185, 497, 506, 508, 527$020145693$w01E08_02$932805
=653  \0$aHomerus$319-22, 23$020145693$w01E08_02$932876
=653  \0$aviool$3256 afb, 295 afb, 304 fb, 346 afb, 356, 357, 358, 359$020145692$w01E08_01$937605
=653  \0$aHotteterre$3637$020145693$w01E08_02$932948
=653  \0$aHullmandel$3283$020145692$w01E08_01$932994
=653  \0$aHullmandel$3515$020145693$w01E08_02$932994
=653  \0$aVivaldi$357, 124$020145692$w01E08_01$937654
=653  \0$aVivaldi, A.$3243, 244$020145693$w01E08_02$937660
=653  \0$aimprovisatie$3209, 318, 321, 396, 508, 524, 650$020145693$w01E08_02$933059
=653  \0$ainvloed_Italie in Frankrijk$3123, 393, 400, 403, 413$020145692$w01E08_01$933121
=653  \0$ainvloed_Italie in Frankrijk$3386, 404, 606$020145693$w01E08_02$933121
=653  \0$ainvloed_Italie in Rusland$3391$020145692$w01E08_01$933124
=653  \0$aVossius, I.$3371$020145693$w01E08_02$937785
=653  \0$aVossius, I. $3472, 473$020145695$w01E08_04$937786
=653  \0$aVossius, J.G.$3472, 473$020145695$w01E08_04$937788
=653  \0$aJacquet de la Guerre, E.$3436$020145693$w01E08_02$933173
=653  \0$aJéliotte$3437, 511$020145693$w01E08_02$933201
=653  \0$aJeune, Cl. le$3406, 502, 503$020145693$w01E08_02$933213
=653  \0$aJeune, Cl. le$376-83$020145695$w01E08_04$933213
=653  \0$ajicht$378, 79, 80$020145695$w01E08_04$933217
=653  \0$aJommelli, N.$3194, 195, 214, 472$020145693$w01E08_02$933234
=653  \0$aJoodse muziek$39-15, 201-207, 222, 231, 234-241, 243$020145692$w01E08_01$933245
=653  \0$aWerckmeister, A.$3473$020145695$w01E08_04$937929
=653  \0$akerktoonsoorten$3pl.I$020145692$w01E08_01$933376
=653  \0$akerktoonsoorten$329 afb, 29$020145693$w01E08_02$933376
=653  \0$akieltjes$3346-349$020145692$w01E08_01$933396
=653  \0$aKircher, A.$3353$020145693$w01E08_02$933414
=653  \0$azangers/zangeressen$3300-330$020145693$w01E08_02$938102
=653  \0$aZarlino$3244, 339, 340, 343, 345, 355, 366, 372, 373, 374, 436$020145693$w01E08_02$938113
=653  \0$aZeno, A.$3256, 257$020145693$w01E08_02$938130
=653  \0$aZiani, P. A.$3244, 245$020145693$w01E08_02$938138
=653  \0$azink$3256$020145692$w01E08_01$938157
=653  \0$azink$3512$020145693$w01E08_02$938157
=653  \0$azuiverheid$3323, 354$020145692$w01E08_01$938176
=653  \0$azuiverheid$3308$020145693$w01E08_02$938176
=653  \0$aklavecimbel_Frankrijk 18e eeuw$3323 afb, 343 afb, 343-356$020145692$w01E08_01$933487
=653  \0$aklavecimbel_Frankrijk 18e eeuw$3383, 409$020145693$w01E08_02$933487
=653  \0$aklavecimbel_Rusland, 18e eeuw$3391$020145692$w01E08_01$933512
=653  \0$aRameau, J.Ph.$355, 57, 60, 124, 333, 402, 403$020145692$w01E08_01$938230
=653  \0$aRameau, J.Ph.$314, 15, 27, 29 afb, 33, 34, 35, 39, 41, 45, 60, 61, 62, 63, 64, 65, 66, 67, 68, 69, 70, 71, 72, 73, 74, 75, 76, 77, 78, 79, 80, 81, 82, 83, 84, 85, 86$020145693$w01E08_02$938230
=653  \0$aRameau, J.Ph.$3339, 368, 369, 379, 383, 398, 414, 423, 424, 442, 450, 464, 465, 466, 467, 468, 469, 541, 542, 543, 544, 545, 546, 547, 571, 573, 575, 580, 587, 591, 592, 605, 609, 623, 640, 648, 655, 670, 677, 684, 686, 687, 691$020145693$w01E08_02$938230
=653  \0$aRameau, J.Ph.$321, 47, 50, 96, 235, 258, 274, 300, 445$020145695$w01E08_04$938230
=653  \0$aRameau, J.Ph._portret$31$020145693$w01E08_02$938231
=653  \0$aRauzzini, V.$3318$020145693$w01E08_02$938260
=653  \0$aRebel$3401, 414$020145692$w01E08_01$938271
=653  \0$aRebel$3254, 369, 399, 400$020145695$w01E08_04$938271
=653  \0$aRebel, F.$3470, 471$020145693$w01E08_02$938273
=653  \0$aRebel, J.F.$3470, 471$020145693$w01E08_02$938276
=653  \0$aklavichord_Frankrijk 18e eeuw$3301$020145692$w01E08_01$933576
=653  \0$arègle de l'octave$361-63$020145693$w01E08_02$938325
=653  \0$arègle de l'octave$3581, 602$020145693$w01E08_02$938325
=653  \0$aKohant$3437, 438$020145693$w01E08_02$933663
=653  \0$aKohaut$3235$020145695$w01E08_04$933664
=653  \0$aReutter, G.$3250$020145693$w01E08_02$938396
=653  \0$akoor/orkestbezetting$3390, 400, 406-410$020145692$w01E08_01$933678
=653  \0$aRinuccini, O.$3288, 289$020145693$w01E08_02$938462
=653  \0$aRomeinse muziek$340, 41, 42, 43, 44, 45, 46, 47, 48, 98, 99, 100, 101, 102, 103, 104, 105$020145692$w01E08_01$938537
=653  \0$aRomeinse muziek$3129, 130, 131$020145693$w01E08_02$938537
=653  \0$aRomeinse muziek$336-74, 125-132, 154-160$020145693$w01E08_02$938537
=653  \0$akwaliteit van uitvoering$354$020145692$w01E08_01$933816
=653  \0$akwint/oktaafparallellen$357, 58$020145693$w01E08_02$933824
=653  \0$aLalande, M. de$3431, 432, 439, 440, 473$020145693$w01E08_02$933860
=653  \0$aLalande, M. de$3369$020145695$w01E08_04$933860
=653  \0$aRousseau$3369, 474, 532, 577, 580, 581, 588, 602, 605, 612, 615, 624, 655, 668, 669, 670, 671, 672, 688, 691, 695$020145693$w01E08_02$938592
=653  \0$aRousseau$313, 202, 364-368, 385$020145695$w01E08_04$938592
=653  \0$aRousseau, J.J.$354, 55, 56, 143, 412$020145692$w01E08_01$938595
=653  \0$aRousseau, J.J.$313, 14, 18, 30, 34, 35, 36, 37, 38, 61, 62, 63$020145693$w01E08_02$938595
=653  \0$aRoussier$359, 128, 344, 375, 379, 439$020145692$w01E08_01$938598
=653  \0$aRoussier$020145693$w01E08_02$938598
=653  \0$aRoyer$3401$020145692$w01E08_01$938607
=653  \0$aRoyer$3241$020145695$w01E08_04$938607
=653  \0$aLanglé$3441, 442$020145693$w01E08_02$933905
=653  \0$aLasso, O. di $3149$020145692$w01E08_01$933916
=653  \0$aLasso, O. di $367$020145695$w01E08_04$933916
=653  \0$aLasso, O. di $396, 97, 98, 99, 100, 101, 102$020145695$w01E08_04$933916
=653  \0$aLasso, O. di $3460$020145693$w01E08_02$933916
=653  \0$aLatilla, G.$3196$020145693$w01E08_02$933931
=653  \0$aRussische muziek$3385-393$020145692$w01E08_01$938648
=653  \0$aRussische muziek$3175$020145692$w01E08_02_Ch.xii$938648
=653  \0$aLebegue$3386, 494, 495$020145693$w01E08_02$933965
=653  \0$aSaint-Georges$3484, 485$020145693$w01E08_02$938689
=653  \0$aLeclair, J.M.$3405, 489, 502, 535$020145693$w01E08_02$933972
=653  \0$aLegrenzi, G.$3197, 246, 247$020145693$w01E08_02$933990
=653  \0$aSalieri, A.$3233$020145693$w01E08_02$938703
=653  \0$aSalomon$3485$020145692$w01E08_01_03$938717
=653  \0$aSammartini$3233$020145693$w01E08_02$938725
=653  \0$aSarro, D.$3234$020145693$w01E08_02$938758
=653  \0$aSarti, J.$3234$020145693$w01E08_02$938762
=653  \0$aSauveur$333, 38$020145693$w01E08_02$938774
=653  \0$aSauveur, J.$3541, 682, 683$020145693$w01E08_02$938775
=653  \0$aScarlatti, A.$3185, 235$020145693$w01E08_02$938789
=653  \0$aScarlatti, D.$3235, 236$020145693$w01E08_02$938790
=653  \0$aLocatelli$3502$020145693$w01E08_02$934167
=653  \0$aLoulié, E.$3649$020145693$w01E08_02$934235
=653  \0$alourée [mesure lourée]$330, 31$020145692$w01E08_01$934238
=653  \0$aluit$3291 afb, 291, 299 afb, 299, 302 afb, 304, 305$020145692$w01E08_01$934262
=653  \0$aluit$31, 293$020145693$w01E08_02$934262
=653  \0$aluit$3166, 516, 522, 523, 525, 527, 534, 539, 574, 602, 655, 659, 680$020145693$w01E08_02$934262
=653  \0$aluit$3262, 263$020145695$w01E08_04$934262
=653  \0$aLully, J.B.$357, 65, 123, 346, 347, 402, 403$020145692$w01E08_01$934276
=653  \0$aLully, J.B.$31, 380, 407, 422, 439, 440, 444, 445, 446, 447, 448, 449, 465, 486$020145693$w01E08_02$934276
=653  \0$aLully, J.B.$3305, 335$020145695$w01E08_04$934276
=653  \0$aLuzzaschi, L.$3199$020145693$w01E08_02$934303
=653  \0$aMachaut$3notice 6-12$020145695$w01E08_04$934336
=653  \0$aSilbermann$3349$020145692$w01E08_01$939112
=653  \0$aMancini, F.$3201$020145693$w01E08_02$934412
=653  \0$amandoline$3300$020145692$w01E08_01$934419
=653  \0$amandoline$3485$020145693$w01E08_02$934419
=653  \0$amandora$3300, 301$020145692$w01E08_01$934420
=653  \0$aManfredini, V.$3201$020145693$w01E08_02$934429
=653  \0$aMarais$3173, 274$020145695$w01E08_04$934440
=653  \0$aMarais, M.$3124$020145692$w01E08_01$934441
=653  \0$aMarais, M.$3449$020145693$w01E08_02$934441
=653  \0$aMarcello, A.$3185, 202, 214, 278, 279$020145693$w01E08_02$934446
=653  \0$aMarcello, B.$3185, 202, 214, 278, 279$020145693$w01E08_02$934447
=653  \0$aMarcello, B.$3467-469$020145695$w01E08_04$934447
=653  \0$aMarchand, L.$3396, 449, 450$020145693$w01E08_02$934455
=653  \0$aMarchand, L.$3272$020145695$w01E08_04$934455
=653  \0$aMarenzio, L.$3202, 203$020145693$w01E08_02$934462
=653  \0$aMarmontel$3226-237$020145695$w01E08_04$934474
=653  \0$aMarot, C.$35, 12$020145692$w01E08_02_Ch.xii$934477
=653  \0$aMarpurg$3355$020145693$w01E08_02$934481
=653  \0$aMartini, Padre$34, 5, 124$020145692$w01E08_01$934501
=653  \0$aMartini, Padre$3203, 355, 356, 627$020145693$w01E08_02$934501
=653  \0$aMascitti, M.$3522$020145693$w01E08_02$934507
=653  \0$aMasson$3651, 652$020145693$w01E08_02$934517
=653  \0$aMathieu$3450, 451, 452, 453, 454$020145693$w01E08_02$934522
=653  \0$aMazzochi, D.$3204$020145693$w01E08_02$934568
=653  \0$aMeibomius$3Anh. x-xviii$020145692$w01E08_01$934613
=653  \0$aMersenne$3347$020145692$w01E08_01$934691
=653  \0$aMersenne$333$020145693$w01E08_02$934691
=653  \0$aMersenne$3357, 358, 571$020145693$w01E08_02$934691
=653  \0$aMerula, C.$3204$020145693$w01E08_02$934696
=653  \0$aMerula, T.$3204$020145693$w01E08_02$934699
=653  \0$aMerula, T.$3460, 461$020145695$w01E08_04$934699
=653  \0$aMerulo, C.$3204$020145693$w01E08_02$934700
=653  \0$aMetastasio$3280, 281$020145693$w01E08_02$934709
=653  \0$amilitaire muziek$3214, 390, 391$020145692$w01E08_01$934762
=653  \0$aMondonville$3414$020145692$w01E08_01$934813
=653  \0$aMondonville$329 afb$020145693$w01E08_02$934813
=653  \0$aMondonville$3379, 380, 423, 455, 456$020145693$w01E08_02$934813
=653  \0$aMondonville$347$020145695$w01E08_04$934813
=653  \0$aMondonville$3257$020145695$w01E08_04$934813
=653  \0$aMonsigny$3457$020145693$w01E08_02$934830
=653  \0$aMonsigny$3391$020145695$w01E08_04$934830
=653  \0$aMonte, Ph. de$3205$020145693$w01E08_02$934842
=653  \0$aMonteclair$355$020145692$w01E08_02_Ch.xii$934845
=653  \0$aMonteclair$3300$020145695$w01E08_04$934845
=653  \0$aMontéclair, M.$3457, 458, 655, 656$020145693$w01E08_02$934848
=653  \0$aMontesquieu, Ch. Secondat de $3263, 264$020145695$w01E08_04$934852
=653  \0$aMonteverdi, C,$3461$020145695$w01E08_04$934853
=653  \0$aMonteverdi, C.$3205, 206, 321$020145693$w01E08_02$934854
=653  \0$aMouret$3124, 403, 414$020145692$w01E08_01$934915
=653  \0$aMouret$3129, 369, 399$020145695$w01E08_04$934915
=653  \0$aMouret, J.J.$3458, 459$020145693$w01E08_02$934918
=653  \\$a3-mains$3386$928370$020145693$w01E08_02
=653  \\$aAgnesi, M.T.$3457$928524$020145695$w01E08_04
=653  \\$aAgostini, P.$3161, 187$928526$020145693$w01E08_02
=653  \\$aAgostini, P.S.$3161$928527$020145693$w01E08_02
=653  \\$aAlbergati, P.$3161$928556$020145693$w01E08_02
=653  \\$aAldovrandini$3163$928580$020145693$w01E08_02
=653  \\$aAlessandri, F.$3163$020145693$w01E08_02
=653  \\$aAmadori, J.$3164$928636$020145693$w01E08_02
=653  \\$aamphicordo$3290 afb$928665$020145692$w01E08_01
=653  \\$aArabische muziek$3175-198, 379-385, 436-443$928747$020145692$w01E08_01
=653  \\$aAresti, F.$3165$928761$020145693$w01E08_02
=653  \\$aartikulatie_lettergrepen$3340$928820$020145692$w01E08_01
=653  \\$aAstaritta, J.$3166$928844$020145693$w01E08_02
=653  \\$aAux-Cousteaux$384, 95$928883$020145695$w01E08_04
=653  \\$aBadia, C.A.$3166, 167$929007$020145693$w01E08_02
=653  \\$aBaif$320$929025$020145692$w01E08_02_Ch.xii
=653  \\$aBaif$311$929025$020145695$w01E08_04
=653  \\$abalalaika$3388$929034$020145692$w01E08_01
=653  \\$abarcaroles$3165, 182, 317$929078$020145693$w01E08_02
=653  \\$aBarre, M. de la$3384$929104$020145693$w01E08_02
=653  \\$aBarthélemy$3573, 574$929110$020145693$w01E08_02
=653  \\$aBartoli, D.$3333$929120$020145693$w01E08_02
=653  \\$aBasili, F.$3167$929139$020145693$w01E08_02
=653  \\$aBassani, G.$3167, 226$929146$020145693$w01E08_02
=653  \\$aBassani, J.B.$3167, 226$929148$020145693$w01E08_02
=653  \\$abasse fondamentale$345, 46$929156$020145693$w01E08_02
=653  \\$abasse fondamentale$3406, 591, 592, 617, 621, 631, 684, 686, 687$929156$020145693$w01E08_02
=653  \\$abasso continuo_begin in Frankrijk$3414$929181$020145693$w01E08_02
=653  \\$abasso continuo_begin van$3463$929182$020145695$w01E08_04
=653  \\$aBeaujoyeux, B.$3385$929299$020145693$w01E08_02
=653  \\$aBeccatelli, J.F.$3333, 334$929309$020145693$w01E08_02
=653  \\$aBèche, fam.$3495$929312$020145693$w01E08_02
=653  \\$aBellay, J. du$314, 15$929395$020145695$w01E08_04
=653  \\$aBemetzrieder$3574$929405$020145693$w01E08_02
=653  \\$aBengrade, I. de$318-20$929426$020145695$w01E08_04
=653  \\$aBernabei, J.A.$3168$929452$020145693$w01E08_02
=653  \\$aBernacchi, A.$3310, 311, 315$929455$020145693$w01E08_02
=653  \\$aBernstadt, C.$3311$929466$020145693$w01E08_02
=653  \\$aBertali, A.$3168$929469$020145693$w01E08_02
=653  \\$aBerthélemont$3384, 385$929471$020145693$w01E08_02
=653  \\$aBesozzi, G. & A.$3309, 497, 528$929493$020145693$w01E08_02
=653  \\$abespelen van meerdere instrumenten$3207, 343, 387, 410, 439, 496, 497, 499, 512, 600$929497$020145693$w01E08_02
=653  \\$aBéthesy$3575, 576$929502$020145693$w01E08_02
=653  \\$aBeuf, J. le$3577$929507$020145693$w01E08_02
=653  \\$abibliotheek$3397$929548$020145693$w01E08_02
=653  \\$abibliotheek$3296, 433$929548$020145695$w01E08_04
=653  \\$aBiffi, A. & G.J.$3170, 185, 335$929561$020145693$w01E08_02
=653  \\$abisse alfa$3700$929591$020145693$w01E08_02
=653  \\$aBlanchard, E.J.A.$3392$929611$020145693$w01E08_02
=653  \\$aBoesset, J.B.$3392, 395, 396$929714$020145693$w01E08_02
=653  \\$aBois, M.R. du$3509$929734$020145693$w01E08_02
=653  \\$aBoisgelon, F.P.R. de$3586-588$929735$020145693$w01E08_02
=653  \\$aBollioud de Mermet$3655$929742$020145693$w01E08_02
=653  \\$aBona, V.$3464$929745$020145695$w01E08_04
=653  \\$aBonbarde$394$929750$020145692$w01E08_02_Ch.xii
=653  \\$aBonno, J.$3170$929754$020145693$w01E08_02
=653  \\$aBordier$3589-593$929785$020145693$w01E08_02
=653  \\$aBordoni, Faustina$3168, 191, 325$921646$020145693$w01E08_02
=653  \\$aBoretti, J.A.$3171$929789$020145693$w01E08_02
=653  \\$aBorghi, J.B.$3172$929790$020145693$w01E08_02
=653  \\$aBorromi, A.$3172$929800$020145693$w01E08_02
=653  \\$aBottrigari, E.$3336$929826$020145693$w01E08_02
=653  \\$aBournonville, J.$3394, 295, 618$929841$020145693$w01E08_02
=653  \\$aBournonville, V.$3394, 295, 618$929842$020145693$w01E08_02
=653  \\$aBoutelou$3498$929847$020145693$w01E08_02
=653  \\$aBouvard$3396$929852$020145693$w01E08_02
=653  \\$aBoyer, P.$3596-599, 603-605$929868$020145693$w01E08_02
=653  \\$aBoyvin, J.$3397$929870$020145693$w01E08_02
=653  \\$aBrusa, F.$3173$929996$020145693$w01E08_02
=653  \\$aBuini, J.M.$3173, 174$930009$020145693$w01E08_02
=653  \\$aBurette, P.J. & P.J.$3599-601$930033$020145693$w01E08_02
=653  \\$aBurg, B. de$3398, 399$930035$020145693$w01E08_02
=653  \\$aButerne$3494$930073$020145693$w01E08_02
=653  \\$aCaffariello$3313$930114$020145693$w01E08_02
=653  \\$aCalegari$3176$930131$020145693$w01E08_02
=653  \\$aCalviere, G.A.$3395, 396, 399, 400$930144$020145693$w01E08_02
=653  \\$aCambini$3412$930148$020145692$w01E08_01
=653  \\$aCambini$3400$930148$020145693$w01E08_02
=653  \\$aCapella, M.$3464$930219$020145695$w01E08_04
=653  \\$aCapelli, J.M.$3176, 177$930221$020145693$w01E08_02
=653  \\$aCapua, R. di$3177, 227, 228$930229$020145693$w01E08_02
=653  \\$aCarestini$3313, 314$930237$020145693$w01E08_02
=653  \\$acastagnetten$3280, 281, 290 afb$930271$020145692$w01E08_01
=653  \\$aCauroy, E. du$3118, 149$930316$020145692$w01E08_01
=653  \\$aCaurrouy, E. du$3402, 403$930317$020145693$w01E08_02
=653  \\$aCaux, S, de$3605$930322$020145693$w01E08_02
=653  \\$aCavalieri, E. del $3178, 179$930326$020145693$w01E08_02
=653  \\$aCerré, L.$3602, 603$930373$020145693$w01E08_02
=653  \\$aChabanon$3606-610$930383$020145693$w01E08_02
=653  \\$aChabanon$352, 54, 55$930383$020145695$w01E08_04
=653  \\$achalumeau$3248, 249$930388$020145692$w01E08_01
=653  \\$aChasse, C.L. de$3500, 501$930412$020145693$w01E08_02
=653  \\$aChelleri$3180, 323$930424$020145693$w01E08_02
=653  \\$acheng$3129 afb, 142 afb, 365$930427$020145692$w01E08_01
=653  \\$aChiarini$3181$930433$020145693$w01E08_02
=653  \\$aChinese muziek$3125-148, 282. afb, 360-379, 432-435$930437$020145692$w01E08_01
=653  \\$aChinese muziek$3544-547, 648, 671$930437$020145693$w01E08_02
=653  \\$aChinese muziek$3174, 176$930437$020145692$w01E08_02_Ch.xii
=653  \\$aChiquelier$3345$930439$020145692$w01E08_01
=653  \\$aChoquel$3610$930451$020145693$w01E08_02
=653  \\$aChristina van Zweden$3613$930460$020145693$w01E08_02
=653  \\$achronomètre$3541, 616, 649$930467$020145693$w01E08_02
=653  \\$aCiampi, F.$3180, 181$930471$020145693$w01E08_02
=653  \\$aCifra, A.$3181$930474$020145693$w01E08_02
=653  \\$aClari, J.C.M.$3181$930499$020145693$w01E08_02
=653  \\$aclavecytherium$3323 afb, 346$930522$020145692$w01E08_01
=653  \\$aClément$3406, 407$97007$020145693$w01E08_02
=653  \\$aClos, C. de la$3104$930556$020145692$w01E08_02_Ch.xii
=653  \\$aCochereau$356$930565$020145692$w01E08_02_Ch.xii
=653  \\$aColisse$3129, 274, 399$930586$020145695$w01E08_04
=653  \\$acomponiste$3211, 295, 410, 436, 444, 455$930632$020145693$w01E08_02
=653  \\$acomponiste$3113, 457, 460, 461$930632$020145695$w01E08_04
=653  \\$aconcert spirituel$3413, 414$930651$020145692$w01E08_01
=653  \\$aconcert spirituel$3381, 383, 456, 513$930651$020145693$w01E08_02
=653  \\$aConti, F$3182$930681$020145693$w01E08_02
=653  \\$aConti, I$3182$930684$020145693$w01E08_02
=653  \\$aCorbet, F.$3503, 504$930731$020145693$w01E08_02
=653  \\$aCoste, La$3407$930768$020145693$w01E08_02
=653  \\$aCoupillet$3409, 410, 432$930802$020145693$w01E08_02
=653  \\$aDangingcourt$3399, 410$930923$020145693$w01E08_02
=653  \\$aDanzi, F.$3330$930937$020145693$w01E08_02
=653  \\$aDelaire$361$930990$020145693$w01E08_02
=653  \\$aDelalande$3124$930991$020145692$w01E08_01
=653  \\$aDemoz$3611, 611 afb, 612, 694$931004$020145693$w01E08_02
=653  \\$aDeon$359$931018$020145692$w01E08_02_Ch.xii
=653  \\$aDesaugiers$3612, 613$931023$020145693$w01E08_02
=653  \\$adirigent$354, 55, 395$931092$020145692$w01E08_01
=653  \\$adirigent$3449$931092$020145693$w01E08_02
=653  \\$aDiruta, A.$3466$931096$020145695$w01E08_04
=653  \\$aDoriot$3414$931162$020145693$w01E08_02
=653  \\$aDornel, A.$3395, 414$931165$020145693$w01E08_02
=653  \\$aDran, le$3617, 618$931197$020145693$w01E08_02
=653  \\$aDubreni, J.$3618, 619, 620$931264$020145693$w01E08_02
=653  \\$aDuni$3212, 213$931300$020145693$w01E08_02
=653  \\$aDuni$3200, 391$931300$020145695$w01E08_04
=653  \\$aDuni, E.R.$3415-417$931302$020145693$w01E08_02
=653  \\$aDuphly, J.$3417$931311$020145693$w01E08_02
=653  \\$aDupont$3507$931314$020145693$w01E08_02
=653  \\$aDurastanti, M.$3412$931322$020145692$w01E08_01
=653  \\$aDurastanti, M.$3324$931322$020145693$w01E08_02
=653  \\$aDurazzo, J.$3268, 269$931323$020145693$w01E08_02
=653  \\$aEckard$3507, 508$931378$020145693$w01E08_02
=653  \\$aElisabeth I, Queen$3122, 123$931424$020145692$w01E08_01
=653  \\$aemoties$3312, 315$931445$020145693$w01E08_02
=653  \\$aEnclos, l' $3516, 517$931447$020145693$w01E08_02
=653  \\$aenharmonisch$3i, iv, 7, 33$931478$020145692$w01E08_01
=653  \\$aenharmonisch$311, 15, 17, 18, 39-43$931478$020145693$w01E08_02
=653  \\$aenharmonisch$3482$931478$020145693$w01E08_02
=653  \\$aEstève$3616, 617, 623, 624, 625$931534$020145693$w01E08_02
=653  \\$aFaber, J.L.$3340$931580$020145693$w01E08_02
=653  \\$aFarinelli$3161, 173, 311, 312, 313$931610$020145693$w01E08_02
=653  \\$afermate$3402-406$931664$020145693$w01E08_02
=653  \\$aFerrari, B.$3186$931684$020145693$w01E08_02
=653  \\$aFerri, B.$3308$931687$020145693$w01E08_02
=653  \\$aFloquet, F.J.$3417, 418$931773$020145693$w01E08_02
=653  \\$aFoggiz, F.$3187$931793$020145693$w01E08_02
=653  \\$aForqueray, J.B.A$3509, 510$931827$020145693$w01E08_02
=653  \\$aFrancoeur, J.$3418-420$931859$020145693$w01E08_02
=653  \\$aFreillon Poncein$3527$931899$020145693$w01E08_02
=653  \\$aGabrieli, D.$3188$931961$020145693$w01E08_02
=653  \\$aGarnier$3626, 627$932008$020145693$w01E08_02
=653  \\$aGassendi, P.$3344, 345$932019$020145693$w01E08_02
=653  \\$aGaultier, fam.$3422$932040$020145693$w01E08_02
=653  \\$aGauzarques, C.$3422-425$932048$020145693$w01E08_02
=653  \\$aGazzaniga, J.$3192$932055$020145693$w01E08_02
=653  \\$aGerber$3114$932126$020145692$w01E08_01
=653  \\$aGilles, J.$3426$932194$020145693$w01E08_02
=653  \\$aGiroust, F.$3427$932206$020145693$w01E08_02
=653  \\$agoût$356$932303$020145692$w01E08_01
=653  \\$aGranier, L.$3432, 433$932332$020145693$w01E08_02
=653  \\$agregoriaans$356-60$932368$020145693$w01E08_02
=653  \\$agregoriaans$3640, 641, 642$932368$020145693$w01E08_02
=653  \\$aGresset$3621, 631-636$932385$020145693$w01E08_02
=653  \\$aGrimaldi, N.$3307$932406$020145693$w01E08_02
=653  \\$aGros, J. le$3511, 512$932430$020145693$w01E08_02
=653  \\$aGros, le$3410, 411$932431$020145692$w01E08_01
=653  \\$aGuadagni, C.$3317, 318$932453$020145693$w01E08_02
=653  \\$aGuignon$3420$932477$020145692$w01E08_01
=653  \\$aGuignon, J.$3406, 456, 512, 513$932478$020145693$w01E08_02
=653  \\$aGuillemain, G.$3513$932481$020145693$w01E08_02
=653  \\$aHaguenier$364$932508$020145692$w01E08_02_Ch.xii
=653  \\$aHändel, G.F.$3124$932536$020145692$w01E08_01
=653  \\$aHändel, G.F.$3461$932536$020145695$w01E08_04
=653  \\$aHelfer, Ch.$3104-108$932688$020145695$w01E08_04
=653  \\$aHerbst, J.A.$3467$932720$020145695$w01E08_04
=653  \\$aHonnayer$3514, 515$932885$020145693$w01E08_02
=653  \\$ahoorn$3252, 253, 254, 255, 392$932928$020145692$w01E08_01
=653  \\$ahoorn$3570, 571, 572, 573, 639$932928$020145693$w01E08_02
=653  \\$aJamard$3639, 640$933182$020145693$w01E08_02
=653  \\$aJumilhac$3640-642$933265$020145693$w01E08_02
=653  \\$akerktoonsoorten_karakter$329 afb$933377$020145693$w01E08_02
=653  \\$aklankkwaliteit$3491, 513, 528$933438$020145693$w01E08_02
=653  \\$aklarinet$3249, 250-252, 407$933442$020145692$w01E08_01
=653  \\$aKuhnau, J.$3467$933783$020145695$w01E08_04
=653  \\$aL'Enclos$3262, 263$933829$020145695$w01E08_04
=653  \\$aLacassagne$3597, 598, 603-605, 620, 637, 638, 642$933846$020145693$w01E08_02
=653  \\$aLalouette$3440$933862$020145693$w01E08_02
=653  \\$aLambert$3123$933863$020145692$w01E08_01
=653  \\$aLambert$338, 44$933863$020145692$w01E08_02_Ch.xii
=653  \\$aLambert, M.$3440, 441, 526$933865$020145693$w01E08_02
=653  \\$aLambert, M. de St. $3642, 643$933866$020145693$w01E08_02
=653  \\$aLampugnani, J.B.$3195, 196$933876$020145693$w01E08_02
=653  \\$aLasnel, E. / Naselli, D.$3461$933914$020145695$w01E08_04
=653  \\$aLaugier, M.A.$3643, 644$933933$020145693$w01E08_02
=653  \\$aLebrun, Fr.$3330$933968$020145693$w01E08_02
=653  \\$aLeo, L.$3197, 198, 214, 217, 219$934052$020145693$w01E08_02
=653  \\$aLevèns$3644-649$934077$020145693$w01E08_02
=653  \\$aLiberati, A.$3168, 354$934086$020145693$w01E08_02
=653  \\$aLis, du$3525$934148$020145693$w01E08_02
=653  \\$aListenius, N.$3467$934150$020145695$w01E08_04
=653  \\$aLorenzani$3431, 499$934214$020145693$w01E08_02
=653  \\$aLorimiu$384$934216$020145692$w01E08_02_Ch.xii
=653  \\$aLotti, S. & A.$3198, 199, 207, 216, 324$934229$020145693$w01E08_02
=653  \\$aLucchesi, A.$3199$934258$020145693$w01E08_02
=653  \\$aLullier$365$934270$020145695$w01E08_04
=653  \\$alyra Barberini$3290 afb$934308$020145692$w01E08_01
=653  \\$aMaffei, S.$3277$934358$020145693$w01E08_02
=653  \\$aMajo, F. de $3200$934391$020145693$w01E08_02
=653  \\$aMalcolm$3650$934394$020145693$w01E08_02
=653  \\$aMaldere, van $3488$020145693$w01E08_02$934399
=653  \\$aMalvezzi, C.$3200$934405$020145693$w01E08_02
=653  \\$aMancini$3612, 613$934411$020145693$w01E08_02
=653  \\$aManelli, F.$3201$934425$020145693$w01E08_02
=653  \\$aMarchetto di Padua$3354$934458$020145693$w01E08_02
=653  \\$amarimba$3282$934465$020145692$w01E08_01
=653  \\$aMarotta, E.$3460$934480$020145695$w01E08_04
=653  \\$aMartinelli, C.$3321$934496$020145693$w01E08_02
=653  \\$aMathou$3454$934527$020145693$w01E08_02
=653  \\$aMaupin$3519, 520, 521, 525$934553$020145693$w01E08_02
=653  \\$aMaure, C.N. le$3521, 522$934555$020145693$w01E08_02
=653  \\$aMei, H.$3356$934611$020145693$w01E08_02
=653  \\$aMeibomius, M.$3355$934616$020145693$w01E08_02
=653  \\$aMensius, J.$3358$934661$020145693$w01E08_02
=653  \\$aMercadier$3569$934677$020145693$w01E08_02
=653  \\$aMercadier$3646, 653-655$934677$020145693$w01E08_02
=653  \\$aMeunier d'Haudimont, E.P.$3437$934727$020145693$w01E08_02
=653  \\$aMezangevere, Mad.$3454, 455$934739$020145693$w01E08_02
=653  \\$aMilleville, A.$3247$934763$020145693$w01E08_02
=653  \\$aMion$3400$934774$020145695$w01E08_04
=653  \\$amise-en-scène$354, 123, 396$939272$020145692$w01E08_01
=653  \\$amise-en-scène$3334$939272$020145693$w01E08_02
=653  \\$amise-en-scène$3305$939272$020145695$w01E08_04
=653  \\$aMolière$3129, 252, 253$95673$020145695$w01E08_04
=653  \\$aMongenot$3102$934821$020145692$w01E08_02_Ch.xii
=653  \\$amonochord meting$3363 afb$934824$020145692$w01E08_01
=653  \\$amonochord meting$3352, 353, 372$934824$020145693$w01E08_02
=653  \\$aMoreau, J.B.$3458$934880$020145693$w01E08_02
=653  \\$aMuris, J. de$3358, 359$934957$020145693$w01E08_02
=653  \\$amuzieknotatie$3149-156, 199, 200$935087$020145692$w01E08_01
=653  \\$aNaderman$3700$935129$020145693$w01E08_02
=653  \\$aop de wijze van $3120, 121, 250$935398$020145695$w01E08_04
=653  \\$aopera$3393-413$935411$020145692$w01E08_01
=653  \\$aorganist_mist vingers$3413$935458$020145693$w01E08_02
=653  \\$aorgel_middeleeuwen$3256 (afb), 270, 271$935515$020145692$w01E08_01
=653  \\$aOrgiani, T.$3207$935606$020145693$w01E08_02
=653  \\$aorpharion$3291 afb$935623$020145692$w01E08_01
=653  \\$aOsanam$3658$935632$020145693$w01E08_02
=653  \\$aoud-nieuw$356$935651$020145692$w01E08_01
=653  \\$aoud-nieuw$3184, 187$935651$020145693$w01E08_02
=653  \\$aoude muziek vroeger$357, 124, 403$935658$020145692$w01E08_01
=653  \\$aoude muziek vroeger$3208, 406$935658$020145693$w01E08_02
=653  \\$aOuvrard, R.$3460, 461$935672$020145693$w01E08_02
=653  \\$aPacchiarotti, G.$3318, 319$935695$020145693$w01E08_02
=653  \\$aPallavicino, C.$3210, 211, 247$935731$020145693$w01E08_02
=653  \\$aParc, du$346$935758$020145692$w01E08_02_Ch.xii
=653  \\$apardessus de viole$3304 afb$935759$020145692$w01E08_01
=653  \\$aPartenio, J.D.$3211$935774$020145693$w01E08_02
=653  \\$aPelissier$3399$935838$020145692$w01E08_01
=653  \\$aPelissier$3525$935838$020145693$w01E08_02
=653  \\$aPenna, L.$3361$935844$020145693$w01E08_02
=653  \\$aPerez, D.$3212$935853$020145693$w01E08_02
=653  \\$aPeri, J.$3214, 215$935860$020145693$w01E08_02
=653  \\$aPesay$3100$935873$020145692$w01E08_02_Ch.xii
=653  \\$aPescetti, J.B.$3216$935874$020145693$w01E08_02
=653  \\$aPesenti, M.$3461$935875$020145695$w01E08_04
=653  \\$aPetipas$3525, 526$935887$020145693$w01E08_02
=653  \\$aPetitcoclico, J.$3465, 466$935891$020145695$w01E08_04
=653  \\$aPhilbert$3526$935920$020145693$w01E08_02
=653  \\$aPhilidor, J.$3461, 462, 463, 465, 529$935926$020145693$w01E08_02
=653  \\$aPiccini$3403$935958$020145692$w01E08_01
=653  \\$aPiccini$31, 214, 215, 216, 217, 218, 219, 220, 221, 315$935958$020145693$w01E08_02
=653  \\$aPicot, E.$3463, 464$935965$020145693$w01E08_02
=653  \\$aPietragrua, C.L.$3221$935973$020145693$w01E08_02
=653  \\$apipe and tabor$3256, 262, 263, 288 afb, 289$935990$020145692$w01E08_01
=653  \\$aPistocchi$3306, 310, 311$935998$020145693$w01E08_02
=653  \\$aPorsile, J.$3224$936087$020145693$w01E08_02
=653  \\$aPredieri, L.A.$3225$936135$020145693$w01E08_02
=653  \\$aPythagoras$3150, 151, 152$921682$020145693$w01E08_02
=653  \\$aRaff, A.$3315$938214$020145693$w01E08_02
=653  \\$arecitatief$3319, 419, 492$938285$020145693$w01E08_02
=653  \\$aReisch, G.$3470$938360$020145695$w01E08_04
=653  \\$aRiccoboni, F.$3360$938422$020145695$w01E08_04
=653  \\$aRicher, fam. $3529, 530$938428$020145693$w01E08_02
=653  \\$aRigel, H.J.$3472$938451$020145693$w01E08_02
=653  \\$aRobert$3473, 474$938487$020145693$w01E08_02
=653  \\$aRoësser$3252$938501$020145692$w01E08_01
=653  \\$aRonsard$318$938542$020145692$w01E08_02_Ch.xii
=653  \\$aRonsard$3362, 363, $938542$020145695$w01E08_04
=653  \\$aRossi, M.A.$3229$938570$020145693$w01E08_02
=653  \\$aRovetta, J.B.$3229$938604$020145693$w01E08_02
=653  \\$aRoyer, fam.$3456, 483, 484$938608$020145693$w01E08_02
=653  \\$aRoze, N.$3474-483$938612$020145693$w01E08_02
=653  \\$aRuggeri, J.M.$3229$938634$020145693$w01E08_02
=653  \\$aRust, J.$3229, 230$938652$020145693$w01E08_02
=653  \\$aSabbatini, B.$3230$938660$020145693$w01E08_02
=653  \\$aSacchi, G.$3363$938664$020145693$w01E08_02
=653  \\$aSacchi, M.$3471$938665$020145695$w01E08_04
=653  \\$aSacchini, A.$3214, 230-232$938669$020145693$w01E08_02
=653  \\$aSacrati, P.$3232, 233, 246$938675$020145693$w01E08_02
=653  \\$asalaris$3405-411$938697$020145692$w01E08_01
=653  \\$aSalimbene, C.J. & F.$3305, 314$938706$020145693$w01E08_02
=653  \\$aSalinas, F.$3366, 367$938709$020145693$w01E08_02
=653  \\$aSapho$330, 31$938751$020145693$w01E08_02
=653  \\$aSartorio, A.$3234, 235$938763$020145693$w01E08_02
=653  \\$aSaunnaise$3367$938772$020145693$w01E08_02
=653  \\$aSchobert$3535$938920$020145693$w01E08_02
=653  \\$aSebastiani, C.$3471$939033$020145695$w01E08_04
=653  \\$aSéjan$3535$939043$020145693$w01E08_02
=653  \\$aSenaillié$3535$939051$020145693$w01E08_02
=653  \\$aSenesino$3307, 312, 318$923785$020145693$w01E08_02
=653  \\$aserpent$3256, 273, 274$939067$020145692$w01E08_01
=653  \\$aSerre, J.A.$3368, 628, 669, 683-688 $939072$020145693$w01E08_02
=653  \\$aSiface$3308$939110$020145693$w01E08_02
=653  \\$aSimon$3536, 538$939126$020145693$w01E08_02
=653  \\$aslagwerk$3286 afb 1+2, 287-290$939152$020145692$w01E08_01
=653  \\$asolmisatie$320, 21, 22, 23$936344$020145693$w01E08_02
=653  \\$aSpeer, D.$323$936394$020145693$w01E08_02
=653  \\$aSt. Amand$3484$936452$020145693$w01E08_02
=653  \\$aSt. Colombe$3449$936458$020145693$w01E08_02
=653  \\$aSteffani, A.$3237, 367$936525$020145693$w01E08_02
=653  \\$astemomvang$326$936561$020145693$w01E08_02
=653  \\$aStrozzi, B.$3295$936643$020145693$w01E08_02
=653  \\$aStrozzi, B.$3461, 462$936643$020145695$w01E08_04
=653  \\$aStrozzi, L.$3462$936645$020145695$w01E08_04
=653  \\$atabulatuur$363, 64$936719$020145693$w01E08_02
=653  \\$aTapray$3537$936744$020145693$w01E08_02
=653  \\$aTartini$3viii, 124$936748$020145692$w01E08_01
=653  \\$aTartini$315, 33$936748$020145693$w01E08_02
=653  \\$aTelemann$3124$936789$020145692$w01E08_01
=653  \\$atemperatuur$3343, 344, 345, 354-356$936807$020145692$w01E08_01
=653  \\$atemperatuur$310, 43, 44$936807$020145693$w01E08_02
=653  \\$atemperatuur$3370, 371, 621, 622$936807$020145693$w01E08_02
=653  \\$atempo$3541, 616$936814$020145693$w01E08_02
=653  \\$aTesi, V.$3326$936869$020145693$w01E08_02
=653  \\$aTevo, Z.$3369$936879$020145693$w01E08_02
=653  \\$aTeyber$3329$936881$020145693$w01E08_02
=653  \\$aThevenard, G.C.$3537$936904$020145693$w01E08_02
=653  \\$aTinctorius$3370$936947$020145693$w01E08_02
=653  \\$aTitelouze, J.$3537, 538$936954$020145693$w01E08_02
=653  \\$aTodi, M. F.$3330$936966$020145693$w01E08_02
=653  \\$aTomelin$3494$937005$020145693$w01E08_02
=653  \\$aTremoille, Duc de la$380, 81, 82, 83$937093$020145692$w01E08_02_Ch.xii
=653  \\$aTrial$3442, 486-488, 533$937103$020145693$w01E08_02
=653  \\$aUccellini, M.$3241$937267$020145693$w01E08_02
=653  \\$avaluta$3225$937332$020145693$w01E08_02
=653  \\$aVander Monde$3690-700$937343$020145693$w01E08_02
=653  \\$aversnellen van triller$3322$937493$020145692$w01E08_01
=653  \\$aVillon, F.$3395, 396$937551$020145693$w01E08_02
=653  \\$aVinacese, B.$3242$937552$020145693$w01E08_02
=653  \\$aVinci$3214, 219$937558$020145693$w01E08_02
=653  \\$aVinci, L.$3242, 243$937559$020145693$w01E08_02
=653  \\$aviola d'amore$3307, 308, 343 afb, 359$937580$020145692$w01E08_01
=653  \\$aViola, A .de la$3243$937588$020145693$w01E08_02
=653  \\$aVitali, A.$3243$937643$020145693$w01E08_02
=653  \\$avolksmuziek$3425-444$937717$020145693$w01E08_02
=653  \\$avolksmuziek$3143-end$937717$020145692$w01E08_02_Ch.xii
=653  \\$aVoltaire$322, 23, 53, 104, 283, 329, 336, 445-452$95159$020145695$w01E08_04
=653  \\$aWallis, J.$3372$937853$020145693$w01E08_02
=653  \\$aWatelet$396$937874$020145692$w01E08_02_Ch.xii
=653  \\$awaterorgel$3271$937876$020145692$w01E08_01
=653  \\$aZacconi$3473, 474$938068$020145695$w01E08_04
=653  \\$aZanettini, A.$3244$938075$020145693$w01E08_02
=653  \\$aZiello, G.$3315$938145$020145693$w01E08_02
=856  \\$uhttps://gallica.bnf.fr/view3if/ga/ark:/12148/bpt6k503782h$3IIIF (vol. 1)
=856  \\$uhttps://gallica.bnf.fr/view3if/ga/ark:/12148/bpt6k30455889$3IIIF (vol. 2)
=856  \\$uhttps://gallica.bnf.fr/view3if/ga/ark:/12148/bpt6k503809q$3IIIF (vol. 3)
=856  \\$uhttps://gallica.bnf.fr/view3if/ga/ark:/12148/bpt6k503810n$3IIIF (vol. 4)
=942  \\$cBOO
=952  \\$00$10$2ddc$3Tome premier$40$6KTS_1_000000000000000_C3_27_01E08_01$70$8RAR$9123$aORPH$bORPH$cKTS1_C3$d2020-07-08$eKoopman$i01E08$oKTS1 C3.27 01E08_01$p20145692$r2021-01-12 00:00:00$w2021-01-12$yBOO
=952  \\$00$10$2ddc$3Tome second$40$6KTS_1_000000000000000_C3_27_01E08_02$70$8RAR$921217$aORPH$bORPH$cKTS1_C3$d2020-07-08$eKoopman$i01E09$l0$oKTS1 C3.27 01E08_02$p20145693$r2022-01-20 00:00:00$w2021-01-12$yBOO
=952  \\$00$10$2ddc$3Tome troisième$40$6KTS_1_000000000000000_C3_27_01E08_03$70$8RAR$921218$aORPH$bORPH$cKTS1_C3$d2020-07-08$eKoopman$i01E10$l0$oKTS1 C3.27 01E08_03$p20145694$r2022-01-20 00:00:00$w2021-01-12$yBOO
=952  \\$00$10$2ddc$3Tome quatrième$40$6KTS_1_000000000000000_C3_27_01E08_04$70$8RAR$921219$aORPH$bORPH$cKTS1_C3$d2020-07-08$eKoopman$i01E11$l0$oKTS1 C3.27 01E08_04$p20145695$r2022-01-20 00:00:00$w2021-01-12$yBOO
=999  \\$d123

