=LDR  01395aam a2200253   4500
=001  124
=008  230817i17781784||||||||\||||\00|\p\dut\d
=041  \\$adut
=100  \\$aSchutte, Rutger$d1708-1784$4aut$1http://www.wikidata.org/entity/Q99246845$94872
=245  \\$aStichtelijke gezangen, op de beste Italiaansche en eenige in dien smaak nieuwgemaakte zangwijzen
=250  \\$a2nd, 3rd & 4th ed.
=260  \\$aAmsterdam$bCóvens$c1778-84
=300  \\$a3 vols. in 1 (xxxvi-[xxii]-146+xiv-[xix]-207+xxxii-[xxx]-193-[9] pages)
=500  \\$a3 volumes in 1, each volume from an other edition. The third edition of the second part has music by Leonard Frischmuth (1721-1764) (not included)
=500  \\$athe 'Stichtelijke gezangen' appeared from 1762 to 1787
=648  \0$1http://www.wikidata.org/entity/Q7015$a18th Century (1701-1800)$920899
=650  \0$aProtestantism$1http://www.wikidata.org/entity/Q23540$921012
=650  \0$aVocal music$1http://www.wikidata.org/entity/Q685884$93319
=650  \0$aPoetry$1http://www.wikidata.org/entity/Q482$93026
=651  \0$1http://www.wikidata.org/entity/Q727$aAmsterdam (Netherlands)$9135
=700  \\$4cmp$aFrischmuth, Leonard$d1721-1764$94873
=942  \\$cBOO
=952  \\$00$10$2ddc$40$6KTS_1_000000000000000_C3_27_01E07$70$8RAR$9124$aORPH$bORPH$cKTS1_C3$d2020-07-08$eKoopman$l0$oKTS1 C3.27 01E07$p20145691$r2021-01-12 00:00:00$w2021-01-12$yBOO
=999  \\$d124

