=LDR  01218aam a2200241   4500
=001  125
=008  230817s1804\\\\|||afg||\||||\00|\0\ger\d
=041  \\$ager
=059  \\$av
=100  1\$aSchubert, J. F.$d1769-1811$4aut$1http://www.wikidata.org/entity/Q21001475$94874
=245  \\$aNeue Singe-Schule oder gründliche und vollständige Anweisung zur Singkunst
=260  \\$aLeipzig$bBreitkopf & Härtel$c1804
=300  \\$aviii-146-[4] pages$bmusic examples
=500  \\$aJohann Friedrich Schubert (1769-1811) was a German composer and violinist of the late Classical period.
=648  \0$1http://www.wikidata.org/entity/Q6955$a19th Century (1801-1900)$920935
=650  \0$aMethod$1http://www.wikidata.org/entity/Q2250960$921402
=650  \0$aSinging$1http://www.wikidata.org/entity/Q27939$92767
=650  \0$aMusic education$1http://www.wikidata.org/entity/Q27908$921766
=651  \0$1http://www.wikidata.org/entity/Q183$aGermany$9155
=856  \\$uhttps://books.google.be/books?id=_BxDAAAAcAAJ$3Google Books
=942  \\$cBOO
=952  \\$00$10$2ddc$40$6KTS_1_000000000000000_C3_27_01E13$70$8RAR$9125$aORPH$bORPH$cKTS1_C3$d2020-07-08$eKoopman$l0$oKTS1 C3.27 01E13$p20145696$r2021-01-12 00:00:00$w2021-01-12$yBOO
=999  \\$d125

