=LDR  12525aam a2202077   4500
=001  126
=008  210712s1753\\\\\\\|||||\||||\00|\0\ger\d
=041  \\$ager
=100  \\$aMarpurg, Friedrich Wilhelm$d1718-1795$4aut$1http://www.wikidata.org/entity/Q548897$94794
=245  \\$aAbhandlung von der Fuge
=250  \\$a1st ed.
=260  \\$aBerlin$bHaude und Spener$c1753
=300  \\$a2 volumes in 1 ([iv]-xvi-192-[4]+[iv]-xxx-147-[14] pages) + 2 volumes of music examples (lx+lxii pages)
=500  \\$aThe first volume is divided into eight chapters and begins with a definition of three music-theoretical terms: Repetition of the same note values in the same voice; transposition of a sequence of notes by a certain interval; and imitation, i.e. processing a sequence of notes by means of repetition or transposition. Marpurg goes on to discuss the various possibilities of setting dux and comes, the fugue theme and its response, which are here called Führer and Gefährte.

In terms of content, the second volume deals with more complex forms of counterpoint. 

At numerous points in the treatise, excerpts from Bach's fugues are given as examples, especially from the Art of Fugue, the Musikalisches Opfer also comes up, as well as his two-part inventions.
=500  \\$avol. 1 has engravings on the title-page and at pages 30, 37, and 146
=561  \\$aEx libris Johann Christoph Friedrich Bach (manuscript)
=600  \0$aBach, Johann Christoph Friedrich$d1732-1795$1http://www.wikidata.org/entity/Q57225$99316
=648  \0$a18th Century (1701-1800)$1http://www.wikidata.org/entity/Q7015$920899
=650  \0$aCounterpoint$1http://www.wikidata.org/entity/Q186393$921487
=650  \0$aFugue$1http://www.wikidata.org/entity/Q181014$93142
=651  \0$1http://www.wikidata.org/entity/Q183$aGermany$9155
=653  \0$aartikulatie$3xlvii, xlviii, xlix, l$020145698$w01E14_02$928817
=653  \0$aartikulatie$3v, vi, viii$020145699$w01E14_03$928817
=653  \0$aBach, C.P.E.$3zuschrift, opdracht, xix$020145697$w01E14_01b$928902
=653  \0$aBach, C.P.E.$3xli, xlvii, li-liv$020145698$w01E14_02$928902
=653  \0$aBach, J.S.$394, 130, 133$020145697$w01E14_01a$928929
=653  \0$aBach, J.S.$3x3, 4, xix, xx, xxvi, 4, 28, 35, 66, 123, 148$020145697$w01E14_01b$928929
=653  \0$aBach, J.S._canons$3xxxiii, xxxvii, lviii$020145698$w01E14_02$928947
=653  \0$aBach, J.S._Kunst der Fuge$3xi-xiii$020145698$w01E14_02$928967
=653  \0$aBach, J.S._Musikalisches Opfer$3xxiii$020145698$w01E14_02$928972
=653  \0$aBach, J.S._Musikalisches Opfer$3xxiii$020145699$w01E14_03$928972
=653  \0$aBach, J.S._orgelwerken$3xlviii, xlix, li, lii?$020145699$w01E14_03$928974
=653  \0$aBach, J.S._WTC$3x-xiv, xvii, xviii, xxv, xxxiii, xxxvii, xli-xliii, liv, lv$020145699$w01E14_03$928985
=653  \0$aBach, W.F.$3zuschrift, opdracht, xix$020145697$w01E14_01b$928997
=653  \0$aBach, W.F.$3x, xii, xv, xviii, xxvii, xxviii, xxx, liv$020145698$w01E14_02$928997
=653  \0$ablokfluit$31$020145697$w01E14_01a$929645
=653  \0$ablokfluit$31$020145697$w01E14_01b$929645
=653  \0$aBononcini$3162, 163$020145697$w01E14_01a$929756
=653  \0$aBononcini$34, 60, 135$020145697$w01E14_01b$929756
=653  \0$aBerardi$3vi, viii$020145697$w01E14_01a$929432
=653  \0$aBerardi$328, 66, 71, 120$020145697$w01E14_01b$929432
=653  \0$aBerardi$3xi, xx, xxiii-xxvi$020145698$w01E14_02$929432
=653  \0$aBrossard$3vi$020145697$w01E14_01a$929959
=653  \0$aBuxtehude, D.$3xxvii$020145697$w01E14_01b$930084
=653  \0$aBuxtehude, D.$3xxxvi$020145699$w01E14_03$930084
=653  \0$acanon$351-71, 71-127$020145697$w01E14_01b$930183
=653  \0$anotatieproblemen$3ii, xi, xii, xlvii, xlix, xl, lx$020145698$w01E14_02$935285
=653  \0$anotatieproblemen$3viii, xli$020145699$w01E14_03$935285
=653  \0$aOckeghem$3vii$020145697$w01E14_01a$935321
=653  \0$acontrapunt$3wb$020145697$w01E14_01a$930699
=653  \0$aorgel_pedaalspel$3xxvi$020145697$w01E14_01b$935519
=653  \0$aD'Anglebert$3xxiii$020145699$w01E14_03$930890
=653  \0$aDandrieu$364$020145697$w01E14_01a$930920
=653  \0$aorgelregistratie$3154$020145697$w01E14_01a$935575
=653  \0$aorgelregistratie$3xxii$020145697$w01E14_01b$935575
=653  \0$aorgelregistratie$3xlviii, li$020145699$w01E14_03$935575
=653  \0$aoude muziek vroeger$3ii$020145697$w01E14_01a$935658
=653  \0$aPachelbel, J.$3xxvii$020145697$w01E14_01b$935699
=653  \0$aPalestrina$352$020145697$w01E14_01b$935723
=653  \0$adrukfout$3196$020145697$w01E14_01a$931220
=653  \0$adrukfout$3162, 163$020145697$w01E14_01b$931220
=653  \0$aPepusch$394$020145697$w01E14_01b$935846
=653  \0$aPepusch$3Tab.III, xxxviii$020145699$w01E14_03$935846
=653  \0$adwarsfluit$3i$020145697$w01E14_01a$931340
=653  \0$adwarsfluit$31, 141$020145697$w01E14_01b$931340
=653  \0$aPorpora$3xxvii$020145699$w01E14_03$936084
=653  \0$aprima vista$3xx$020145697$w01E14_01b$936203
=653  \0$afalsobordone$3154$020145697$w01E14_01a$931601
=653  \0$aFasch$394$020145697$w01E14_01b$931619
=653  \0$aQuantz, J.J.$3iv$020145699$w01E14_03$936296
=653  \0$aFischer, J.C.F.$3xx$020145697$w01E14_01b$931729
=653  \0$aSpieß, M.$3vi$020145697$w01E14_01a$936426
=653  \0$aSpieß, M.$3xix, xx, lv$020145699$w01E14_03$936426
=653  \0$aSteffani$3135$020145697$w01E14_01b$936524
=653  \0$aStölzel$3xx, xxx, 71, 77-82$020145697$w01E14_01b$936601
=653  \0$aStölzel$3xxxv-xxxvii$020145698$w01E14_02$936601
=653  \0$aFrescobaldi$3155$020145697$w01E14_01a$931902
=653  \0$aFrescobaldi$3xx, 4, 52$020145697$w01E14_01b$931902
=653  \0$aFrescobaldi$3xx, xxv, xxix, xxxvi, xlvii, lii$020145699$w01E14_03$931902
=653  \0$aFroberger$3xx, 4, 52$020145697$w01E14_01b$931931
=653  \0$aFroberger$3xx$020145699$w01E14_03$931931
=653  \0$aFux$3vi, 84, 90$020145697$w01E14_01a$931954
=653  \0$aFux$3xx, 117$020145697$w01E14_01b$931954
=653  \0$aFux$3xxviii, xliii$020145698$w01E14_02$931954
=653  \0$aFux, J.J.$3xxiii, xxv, xxviii$020145699$w01E14_03$931956
=653  \0$atekstuitspraak$3133$020145697$w01E14_01b$936786
=653  \0$aTelemann, G.P.$3opdracht$020145697$w01E14_01a$936796
=653  \0$aTelemann, G.P.$3xx, 94$020145697$w01E14_01b$936796
=653  \0$aTelemann, G.P.$3xlv$020145698$w01E14_02$936796
=653  \0$aTelemann, G.P.$3xiii, xxv, xxix, xxxvii$020145699$w01E14_03$936796
=653  \0$agesticuleren$3xi$020145697$w01E14_01b$932158
=653  \0$aTheile, J.$371$020145697$w01E14_01b$936891
=653  \0$aTheile, J.$3x, xxx, xlii$020145698$w01E14_02$936891
=653  \0$aGraun$3Tab.IV, v, vi$020145699$w01E14_03$932339
=653  \0$aGraupner$394$020145697$w01E14_01b$932347
=653  \0$aGraupner$3l$020145698$w01E14_02$932347
=653  \0$aGraupner$3xii$020145699$w01E14_03$932347
=653  \0$aHändel, G.F.$376$020145697$w01E14_01a$932536
=653  \0$aHändel, G.F.$3xx$020145697$w01E14_01b$932536
=653  \0$aHändel, G.F.$3xii, xiii, xxiii, xxxiii, xxxix$020145699$w01E14_03$932536
=653  \0$aharp$31$020145697$w01E14_01a$932582
=653  \0$aharp$31$020145697$w01E14_01b$932582
=653  \0$aHeinichen$3xx$020145697$w01E14_01b$932675
=653  \0$ahoboriet$3141$020145697$w01E14_01b$932814
=653  \0$aHurlebusch$3xxiii, xxix$020145699$w01E14_03$933017
=653  \0$aWalther, J.G.$3vi, vii$020145697$w01E14_01a$937860
=653  \0$aWalther, J.G.$3xiii$020145699$w01E14_03$937860
=653  \0$aWerckmeister$3vi$020145697$w01E14_01a$937928
=653  \0$aWerckmeister$360$020145697$w01E14_01b$937928
=653  \0$aWerckmeister$3xxxvii, xxxviii$020145698$w01E14_02$937928
=653  \0$aWerckmeister$3xxiii$020145699$w01E14_03$937928
=653  \0$akerktoonsoorten$359-73, 104$020145697$w01E14_01a$933376
=653  \0$aKerll, J.C.$3xx$020145697$w01E14_01b$933381
=653  \0$aKircher, A.$3vi$020145697$w01E14_01a$933414
=653  \0$aKircher, A.$373, 76$020145697$w01E14_01b$933414
=653  \0$aKirnberger$3v, vi, xv, xix-xxii, xxix-xxxiii, xxxv-xxxvii$020145698$w01E14_02$933423
=653  \0$aKirnberger$3xxiii, xxiv, xxxi, xlv, xlvi, lvii-lix$020145699$w01E14_03$933423
=653  \0$aklavecimbel_Duitsland 18e eeuw$3tp$020145697$w01E14_01a$933479
=653  \0$aklavecimbel_Duitsland 18e eeuw$3161$020145697$w01E14_01b$933479
=653  \0$aRameau$3vi, 111$020145697$w01E14_01a$938219
=653  \0$aRameau$3xxvi, xxxi$020145698$w01E14_02$938219
=653  \0$aRameau, J.Ph.$3xv, xxvi$020145699$w01E14_03$938230
=653  \0$aKrieger, J.$3xx$020145697$w01E14_01b$933761
=653  \0$aKuhnau, J.$3133$020145697$w01E14_01a$933783
=653  \0$aKuhnau, J.$3xxvii$020145697$w01E14_01b$933783
=653  \0$aKuhnau, J.$3xxiii, xxiv$020145699$w01E14_03$933783
=653  \0$akwint/octaafparallellen$3xii, xiii$020145697$w01E14_01b$933821
=653  \0$aLebegue$364$020145697$w01E14_01a$933965
=653  \0$aLebegue$3xlviii$020145699$w01E14_03$933965
=653  \0$aLeclair, J.M.$3v, vi, xliii-xlv$020145699$w01E14_03$933972
=653  \0$aSchaffrath$3ix$020145699$w01E14_03$938797
=653  \0$aScheibe$3vi$020145697$w01E14_01a$938809
=653  \0$aScheibe$3xv, lxi$020145699$w01E14_03$938809
=653  \0$aLotti, A.$3xliv$020145698$w01E14_02$934227
=653  \0$aluit$3141$020145697$w01E14_01b$934262
=653  \0$aSimpson$3vii$020145697$w01E14_01a$939131
=653  \0$aMarpurg, F.W.$3wb$020145697$w01E14_01$934483
=653  \0$aMasson$3xxiii$020145699$w01E14_03$934517
=653  \0$aMattheson$3vi, 28, 116$020145697$w01E14_01a$934534
=653  \0$aMattheson$3xv, xvi, xxvi, xxxii$020145699$w01E14_03$934534
=653  \0$aMersenne$3vii$020145697$w01E14_01a$934691
=653  \0$aMuffat$364, 133$020145697$w01E14_01a$934940
=653  \0$aMuffat$3x-xiv, xxii-xxv, xxvii, xxxvi$020145699$w01E14_03$934940
=653  \\$aBach, J.S._Chrom F & F$3xxv$928950$020145699$w01E14_03
=653  \\$aBach, J.S._Missa brevis$3xlvi, xlvii-l$928971$020145698$w01E14_02
=653  \\$aBach, J.S._Schübler Choräle$3xlviii$928977$020145699$w01E14_03
=653  \\$aBach, J.S._Von Himmel hoch$3li$928983$020145699$w01E14_03
=653  \\$aBattiferri$3132$929221$020145697$w01E14_01a
=653  \\$aBattiferri$3xxvi, xxxiv, xxxv, xxxvi, xl$929221$020145699$w01E14_03
=653  \\$aBendeler$3vi$929417$020145697$w01E14_01a
=653  \\$aBendinelli$359, 60$929419$020145697$w01E14_01b
=653  \\$aBendinelli$3lviii$929419$020145698$w01E14_02
=653  \\$aBoyvin$364$929869$020145697$w01E14_01a
=653  \\$aBoyvin$3xxvii, xxix$929869$020145699$w01E14_03
=653  \\$acompositieduur$3x$930634$020145697$w01E14_01b
=653  \\$aEberlin$364$931360$020145697$w01E14_01a
=653  \\$aEberlin$3xiii, xiv, xxii, xxiii, xxx$931360$020145699$w01E14_03
=653  \\$aGerlach$3xlviii$932135$020145699$w01E14_03
=653  \\$aHerbst$3vii$932718$020145697$w01E14_01a
=653  \\$aHoffmann, G.$3ix, xxxiv$911620$020145698$w01E14_02
=653  \\$aJanitsch$3xi$933186$020145699$w01E14_03
=653  \\$aKirchhof$3149$933416$020145697$w01E14_01a
=653  \\$aKirchhof$3xviii$933416$020145697$w01E14_01b
=653  \\$aKirchhof$3i-iv, viii$933416$020145698$w01E14_02
=653  \\$aKreising$3liii, liv$933754$020145699$w01E14_03
=653  \\$aLenthard (?)$3Tab.I, vii, viii, xv, xxiv, xxbi-xxvii$934049$020145699$w01E14_03
=653  \\$aLiberti$3xxx$934088$020145698$w01E14_02
=653  \\$aRiedt$3v, vi$938436$020145699$w01E14_03
=653  \\$aRomanes, M.$3xxxviii$938523$020145698$w01E14_02
=653  \\$aValentini$3xxxviii$937317$020145698$w01E14_02
=856  \\$uhttps://imslp.org/wiki/Abhandlung_von_der_Fuge_(Marpurg%2C_Friedrich_Wilhelm)$3International Music Score Library Project
=942  \\$cBOO
=952  \\$00$10$2ddc$3Teil I + II$40$6KTS_1_000000000000000_C3_27_01E14_01$70$8RAR$9126$aORPH$bORPH$cKTS1_C3$d2020-07-08$eKoopman$l0$oKTS1 C3.27 01E14_01$p20145697$r2021-01-12 00:00:00$w2021-01-12$yBOO
=952  \\$00$10$2ddc$3Notenbeispielen$40$6KTS_1_000000000000000_C3_27_01E14_02$70$8RAR$922881$aORPH$bORPH$cKTS1_C3$d2020-07-08$eKoopman$l0$oKTS1 C3.27 01E14_02$p20145698$r2023-08-17 00:00:00$w2021-01-12$yBOO
=952  \\$00$10$2ddc$3Notenbeispielen$40$6KTS_1_000000000000000_C3_27_01E14_03$70$8RAR$922882$aORPH$bORPH$cKTS1_C3$d2020-07-08$eKoopman$l0$oKTS1 C3.27 01E14_03$p20145699$r2023-08-17 00:00:00$w2021-01-12$yBOO
=999  \\$d126

