=LDR  01722aam a2200265   4500
=001  128
=008  230821s1608\\\\|||afc||\||||\00|\0\lat\d
=041  \\$alat
=100  \\$aHoratius$d65 BC-8 BC$4aut$1http://www.wikidata.org/entity/Q6197$94875
=245  \\$aQ. Horatius Flaccus, cum erudito Lævini Torrentii commentario
=260  \\$aAntwerp$bPlantijn-Moretus$c1608
=300  \\$a[xviii]-839-[46] pages
=500  \\$aLaevinus Torrentius, born Lieven van der Beke (1525–1595), was the second bishop of Antwerp and one of the leading humanists of his time. He was a Neo-Latin poet, who achieved fame as the editor of Suetonius and Horace. spending many years in Rome in his youth, he developed a serious interest in ancient numismatics. He possessed a large library of about 1,700 books
=561  \\$aEx libris J. Forth, 1727 (manuscript)
=563  \\$aVery good state, embossed in white vellum, embossed, golden ornamentations on front and back cover
=648  \0$1http://www.wikidata.org/entity/Q7016$a17th Century (1601-1700)$920923
=648  \0$1http://www.wikidata.org/entity/Q486761$aClassical Antiquity (8th Century BC-6th Century AD)$921435
=650  \0$aPoetry$1http://www.wikidata.org/entity/Q482$93026
=650  \0$aLiterature$1http://www.wikidata.org/entity/Q8242$94439
=651  \0$1http://www.wikidata.org/entity/Q12892$aAntwerp (Belgium)$920974
=700  \\$4edt$aTorrentius, Lævinius$d1525-1595$94877
=700  1\$1https://isni.org/isni/0000000123206595$4aut$94876$aNannius, Petrus$d1500-1557
=942  \\$cBOO
=952  \\$00$10$2ddc$40$6KTS_1_000000000000000_C3_27_01E15$70$8RAR$9128$aORPH$bORPH$cKTS1_C3$d2020-07-08$eKoopman$l0$oKTS1 C3.27 01E15$p20145701$r2021-01-12 00:00:00$w2021-01-12$yBOO
=999  \\$d128

