=LDR  01683aam a2200277   4500
=001  129
=008  230821s1786\\\\||||||||\||||\00|\0\eng\d
=041  \\$ager
=100  \\$aShaw, James$4aut$94878
=245  \\$aSketches of the History of the Austrian Netherlands
=260  \\$aLondon$bRobinson$c1786
=300  \\$a310 pages
=500  \\$aThe Austrian Netherlands was the territory of the Burgundian Circle of the Holy Roman Empire between 1714 and 1797. The period began with the Austrian acquisition of the former Spanish Netherlands under the Treaty of Rastatt in 1714 and lasted until Revolutionary France annexed the territory during the aftermath of the Battle of Sprimont in 1794 and the Peace of Basel in 1795. Austria relinquished its claim on the province in 1797 by the Treaty of Campo Formio. 
=561  \\$aEx libris M. Gage, 1903 (manuscript)
=648  \0$1http://www.wikidata.org/entity/Q7015$a18th Century (1701-1800)$920899
=650  \0$aHistory$1http://www.wikidata.org/entity/Q309$921403
=650  \0$aEconomy$1http://www.wikidata.org/entity/Q159810$921625
=650  \0$aPolitics$1http://www.wikidata.org/entity/Q7163$921826
=650  \0$aReligion$1http://www.wikidata.org/entity/Q9174$93062
=650  \0$aCultural history$1http://www.wikidata.org/entity/Q858517$922395
=651  \0$1http://www.wikidata.org/entity/Q40$aAustria$9202
=651  \0$1http://www.wikidata.org/entity/Q55$aNetherlands$9173
=856  4\$uEighteenth-Century Collections Online
=942  \\$cBOO
=952  \\$00$10$2ddc$40$6KTS_1_000000000000000_C3_27_01E17$70$8RAR$9129$aORPH$bORPH$cKTS1_C3$d2020-07-08$eKoopman$l0$oKTS1 C3.27 01E17$p20145703$r2021-01-12 00:00:00$w2021-01-12$yBOO
=999  \\$d129

