=LDR  05631aam a2201009   4500
=001  130
=008  220121s1756\\\\\\\g||||\||||\00|\0\ger\d
=041  \\$ager
=059  \\$abc
=100  \\$aDaube, Johann Friedrich$d1733-1797$4aut$1http://www.wikidata.org/entity/Q262588$94798
=245  \\$aGeneral-Baß in drey Accorden
=260  \\$aFrankfurt am Main$bAndré$c1756
=300  \\$axxii-[ii]-215 pages$bfolded sheet of music examples inserted
=500  \\$aJohann Friedrich Daube, also known as Taube or, Latinised, Columba, (1730-1797), was a German composer, music theorist and lutenist of the pre-classical period.
=500  \\$aThe publisher's name is spelled "Johann Benjamin Andrä"
=563  \\$aBound in white vellum, title and author written on front cover
=590  \\$agegründet in den Regeln der alt- und neuen Autoren
=648  \0$a18th Century (1701-1800)$1http://www.wikidata.org/entity/Q7015$920899
=650  \0$aMethod$1http://www.wikidata.org/entity/Q2250960$921402
=650  \0$aMusic theory$1http://www.wikidata.org/entity/Q193544$92662
=650  \0$aBasso continuo$1http://www.wikidata.org/entity/Q724321$921065
=650  \0$aRule of the octave$1http://www.wikidata.org/entity/Q7378975$925612
=651  \0$aGermany$1http://www.wikidata.org/entity/Q183$9155
=653  \0$a?-stemmig bc$3198, 199, 201$020145702$w1E+018$928330
=653  \0$a4stemmig bc$3199, 201, 202$020145702$w1E+018$928382
=653  \0$aa =$3102$020145702$w1E+018$928388
=653  \0$aafwisseling$3203$020145702$w1E+018$928514
=653  \0$aarpeggio$3197$020145702$w1E+018$928797
=653  \0$aarpeggio$3197, 198, 202, 203, 205$020145702$w1E+018$928797
=653  \0$abasso continuo_les$3ix, 206$020145702$w1E+018$929194
=653  \0$acomponeren en bc$3tp, vii, 13, 213, 214, 215$020145702$w1E+018$930624
=653  \0$acrescendo / decrescendo in bc$3198$020145702$w1E+018$930845
=653  \0$aorgelregistratie en bc$3203$020145702$w1E+018$935577
=653  \0$aoud-nieuw$3vii, xii, 61$020145702$w1E+018$935651
=653  \0$apedaalspel en bc$3203$020145702$w1E+018$935829
=653  \0$adynamiek$3198$020145702$w1E+018$931346
=653  \0$adynamiek en bc$3198, 199$020145702$w1E+018$931351
=653  \0$aemoties$3vii$020145702$w1E+018$931445
=653  \0$aenharmoniek$34, 5, 6, 75, 78, 85, 86, 89$020145702$w1E+018$931476
=653  \0$aSpieß, M.$31, 18$020145702$w1E+018$936426
=653  \0$aFux$3xii, xiii, 1, 14$020145702$w1E+018$931954
=653  \0$aGasparini$3xiii$020145702$w1E+018$932014
=653  \0$atemperatuur$35, 6, 75$020145702$w1E+018$936807
=653  \0$atoevoegen van trillers etc. $3197, 198, 204$020145702$w1E+018$936991
=653  \0$aGraun$352$020145702$w1E+018$932339
=653  \0$atransponeren$345, 206, 207$020145702$w1E+018$937072
=653  \0$aHändel, G.F.$373$020145702$w1E+018$932536
=653  \0$aHeinichen$3xii, xiii, xiv, 1, 14, 18, 80$020145702$w1E+018$932675
=653  \0$aViadana_uitvinder van bc$3ix$020145702$w1E+018$937528
=653  \0$aimitaties in bc$3203, 204, 205$020145702$w1E+018$933056
=653  \0$aimprovisatie$3tp, xv, 13, 28, 39, 54, 70, 186, 194, 211$020145702$w1E+018$933059
=653  \0$aWalther, J.G.$3x$020145702$w1E+018$937860
=653  \0$aweglaten van becijfering$324, 200$020145702$w1E+018$937894
=653  \0$aWerckmeister, A.$3x, 1$020145702$w1E+018$937929
=653  \0$aKircher, A.$312$020145702$w1E+018$933414
=653  \0$aklavecimbel-orgel bc$3202$020145702$w1E+018$933526
=653  \0$aklavecimbelles_basso continuospel$3206$020145702$w1E+018$933539
=653  \0$arecitatief bc$3202$020145702$w1E+018$938286
=653  \0$aregle des octaves$320$020145702$w1E+018$938326
=653  \0$aKrieger, A.$3x$020145702$w1E+018$933760
=653  \0$aKuhnau, J.$3x$020145702$w1E+018$933783
=653  \0$akwint/oktaafparallelen$3199, 200, 201$020145702$w1E+018$933823
=653  \0$aRosenmüller$3x$020145702$w1E+018$938558
=653  \0$aluit bc$3203$020145702$w1E+018$934263
=653  \0$aLully$3ix$020145702$w1E+018$934271
=653  \0$aMattheson, J.$3ix, xi, xii, xiii, xiv, 1, 6, 10, 14, 18, 80$020145702$w1E+018$934535
=653  \0$amessa di voce$376$020145702$w1E+018$934702
=653  \0$aMizler, L.$31$020145702$w1E+018$934784
=653  \\$aBach, Johann Sebastian$373, 204$94766$020145702$w1E+018
=653  \\$abc niet als stoorzender$3197$929271$020145702$w1E+018
=653  \\$abc voor beginner$3xxi, 206-215$929278$020145702$w1E+018
=653  \\$aintonatie$35, 107$933109$020145702$w1E+018
=653  \\$aKellner$318$933347$020145702$w1E+018
=653  \\$ameespelen van bovenpartij$3202$934605$020145702$w1E+018
=653  \\$amusic for the millions$312, 13$934969$020145702$w1E+018
=653  \\$amuziek_en architectuur$3xviii, xix, xx$935038$020145702$w1E+018
=653  \\$amuziek_en schilderkunst$312, 102$935042$020145702$w1E+018
=653  \\$aoktaveren$3200$935354$020145702$w1E+018
=653  \\$aPrintz$3ix, 1$936209$020145702$w1E+018
=653  \\$aRameau, J.Ph.$3xiii$938230$020145702$w1E+018
=653  \\$aslechte leraren/leerboeken$3ix, xii$939160$020145702$w1E+018
=653  \\$averdubbeling in bc$3199, 200, 201$937403$020145702$w1E+018
=653  \\$avoorhouding-oplossing$3xiv, 200, 201$937747$020145702$w1E+018
=856  \\$uhttps://imslp.org/wiki/General-Bass_in_drey_Accorden_(Daube%2C_Johann_Friedrich)$3International Music Score Library Project
=942  \\$cBOO
=952  \\$00$10$2ddc$40$6KTS_1_000000000000000_C3_27_01E18$70$8RAR$9130$aORPH$bORPH$cKTS1_C3$d2020-07-08$eKoopman$oKTS1 C3.27 01E18$p20145702$r2021-01-12 00:00:00$w2021-01-12$yBOO
=999  \\$d130

