=LDR  04743aam a2200745   4500
=001  131
=005  20250926134853.0
=008  220425i18011808|||g||||\||||\00|\0\ger\d
=041  \\$ager
=059  \\$aorg
=100  \\$aKittel, Johann Christian$d1732-1809$4aut$1http://www.wikidata.org/entity/Q445696$94879
=245  \\$aDer angehende praktische Organist
=260  \\$aErfurt$bBeyer$bMaring$c1801$c1803$c1808
=300  \\$a3 volumes (32-58+[viii]-104+96 pages)
=500  \\$aJohann Christian Kittel's importance can be seen above all in the cultivation and transmission of Bach's tradition, his performance practice and his works, especially as he is also regarded as his "last pupil". In this context, he placed particular emphasis on the musical arrangement of church services and the role of organ playing. He applied his musical ambition above all to the elaboration of playable organ music. In this context, he also wrote this three-volume textbook on organ playing, which was one of the most outstanding works of its kind at the time
=600  \0$aBach, Johann Sebastian$d1685-1750$1http://www.wikidata.org/entity/Q1339$94766
=648  \0$a19th Century (1801-1900)$1http://www.wikidata.org/entity/Q6955$920935
=650  \0$aMethod$1http://www.wikidata.org/entity/Q2250960$921402
=650  \0$aOrgan$1http://www.wikidata.org/entity/Q1444$92810
=651  \0$aGermany$1http://www.wikidata.org/entity/Q183$9155
=653  \0$aafwisseling$312$020145705$w01E19_02$928514
=653  \0$aartikulatie$316, 35, 38, 40, 43, 47-57, 59-71, 73-90$020145704$w01E19_01$928817
=653  \0$aartikulatie$311, 16, 21, 22, 23, 27, 39, 48-53, 55, 57, 58, 60, 61, 62, 63, 66, 80, 83, 85, 103, 104$020145705$w01E19_02$928817
=653  \0$aartikulatie$36, 10, 11, 13, 14, 18, 20, 21-25, 27-32, 34, 51, 61-66, 68-89$020145706$w01E19_03$928817
=653  \0$aBach, J.S.$331, 64, 65$020145705$w01E19_02$928929
=653  \0$aBach, J.S.$32, 4, 16, 33$020145706$w01E19_03$928929
=653  \0$aBach, J.S._als leraar$31, 15$020145704$w01E19_01$928934
=653  \0$aBach, J.S._en bc$333$020145706$w01E19_03$928952
=653  \0$aBach, J.S._WTC 1&2$365$020145705$w01E19_02$928986
=653  \0$aBach, W.F.$32$020145706$w01E19_03$928997
=653  \0$aboekoplage$3i-xii$020145705$w01E19_02$929699
=653  \0$aboekprijs$3tp$020145704$w01E19_01$929701
=653  \0$aBöhm, G.$32$020145706$w01E19_03$929726
=653  \0$aBuxtehude, D.$32$020145706$w01E19_03$930084
=653  \0$aCompenius, fam.$39, 10$020145704$w01E19_01$930618
=653  \0$aorganist$3wb$020145704$w01E19_01$935454
=653  \0$aorganist$395, 96$020145706$w01E19_03$935454
=653  \0$aorgelregistratie$391, 92$020145704$w01E19_01$935575
=653  \0$aPachelbel, J.$310, 11$020145704$w01E19_01$935699
=653  \0$aPachelbel, J.$32$020145706$w01E19_03$935699
=653  \0$aemotie$364, 65$020145705$w01E19_02$931444
=653  \0$aFlor, C.$32$020145706$w01E19_03$931774
=653  \0$atempo$316, 17$020145704$w01E19_01$936814
=653  \0$atempo$365$020145705$w01E19_02$936814
=653  \0$atempo$390$020145706$w01E19_03$936814
=653  \0$aHändel, G.F.$32, 4, 15$020145706$w01E19_03$932536
=653  \0$aTürk$36$020145704$w01E19_01$937226
=653  \0$aHaydn, J.$315$020145706$w01E19_03$932639
=653  \0$aKittel, J.C.$3wb$020145704$w01E19_01$933432
=653  \0$aregaal$310$020145704$w01E19_01$938302
=653  \0$aReincken, J.$32$020145706$w01E19_03$938350
=653  \0$aritenuto$355$020145704$w01E19_01$938470
=653  \0$aMarpurg$313, 15, 35$020145706$w01E19_03$934481
=653  \0$aMattheson$392$020145706$w01E19_03$934534
=653  \0$aMozart, W.A.$312, 81$020145705$w01E19_02$934927
=653  \0$aMozart, W.A.$315$020145706$w01E19_03$934927
=653  \\$aBach, J.S._Vom Himmel hoch$331$928982$020145704$w01E19_01
=653  \\$alijst van intekenaars$3voorin$934118$020145705$w01E19_02
=653  \\$apedaalapplicatuur$317, 18$935818$020145704$w01E19_01
=856  \\$uhttps://imslp.org/wiki/Der_angehende_praktische_Organist_(Kittel%2C_Johann_Christian)$3International Music Score Library Project
=942  \\$cBOO
=952  \\$00$10$2ddc$3vol. 1$40$6KTS_1_000000000000000_C3_27_01E19_01$70$8RAR$9131$aORPH$bORPH$cKTS1_C3$d2020-07-08$eKoopman$oKTS1 C3.27 01E19_01$p20145704$r2021-01-12 00:00:00$w2021-01-12$yBOO
=952  \\$00$10$2ddc$3vol. 2$40$6KTS_1_000000000000000_C3_27_01E19_02$70$8RAR$921462$aORPH$bORPH$cKTS1_C3$d2020-07-08$eKoopman$l0$oKTS1 C3.27 01E19_02$p20145705$r2022-04-25 00:00:00$w2021-01-12$yBOO
=952  \\$00$10$2ddc$3vol. 3$40$6KTS_1_000000000000000_C3_27_01E19_03$70$8RAR$921463$aORPH$bORPH$cKTS1_C3$d2020-07-08$eKoopman$l0$oKTS1 C3.27 01E19_03$p20145706$r2022-04-25 00:00:00$w2021-01-12$yBOO
=999  \\$d131

