=LDR  01339aam a2200241   4500
=001  134
=005  20251003085455.0
=008  230821s1840\\\\||||||||\b|||\00|\0\eng\d
=041  \\$aeng
=100  \\$aBaldock, Richard$4aut$94882
=245  \\$aA List of Books, Recently Purchased, in Various Languages
=260  \\$aLondon$bBaldock$c1840
=300  \\$a32 pages
=648  \0$1http://www.wikidata.org/entity/Q6955$a19th Century (1801-1900)$920935
=650  \0$aBibliography$1http://www.wikidata.org/entity/Q134995$93965
=650  \0$aBook$1http://www.wikidata.org/entity/Q571$92285
=650  \0$aCollecting$1http://www.wikidata.org/entity/Q208165$92117
=650  \0$aCatalogue$1http://www.wikidata.org/entity/Q2352616$921484
=651  \0$1http://www.wikidata.org/entity/Q84$aLondon (United Kingdom)$9123
=856  \\$uhttps://books.google.be/books?id=uwrSp0__R3cC&pg=RA1-PA1&lpg=RA1-PA1&dq=robert+baldock+%22a+list+of+books%22&source=bl&ots=kYhUD0BwDp&sig=ACfU3U27oWtUawelpbZgxe6qgjyryr_RHg&hl=en&sa=X&ved=2ahUKEwiWysvSsrLlAhWQT8AKHbCfAywQ6AEwAHoECAkQAQ#v=onepage&q=robert%20baldock%20%22a%20list%20of%20books%22&f=false$3Google Books
=942  \\$cBOO
=952  \\$00$10$2ddc$40$6KTS_1_000000000000000_C3_27_01E22$70$8RAR$9134$aORPH$bORPH$cKTS1_C3$d2020-07-08$eKoopman$l0$oKTS1 C3.27 01E22$p20145708$r2021-01-12 00:00:00$w2021-01-12$yBOO
=999  \\$d134

