=LDR  00891aam a2200205   4500
=001  135
=008  230821s1856\\\\|||a||||\||||\00|\p\ger\d
=041  \\$ager
=100  \\$aGärtner, Carl$4aut$94883
=245  \\$aLieder und Bilder für Kinder
=260  \\$aLeipzig$bSchlicke$c1856
=300  \\$a[iv]-55 pages
=500  \\$aA series of poems, some with finely engraved illustrations, but no notated music
=648  \0$1http://www.wikidata.org/entity/Q6955$a19th Century (1801-1900)$920935
=650  \0$aSong$1http://www.wikidata.org/entity/Q7366$94164
=650  \0$aPoetry$1http://www.wikidata.org/entity/Q482$93026
=651  \0$1http://www.wikidata.org/entity/Q2079$aLeipzig (Germany)$945
=942  \\$cBOO
=952  \\$00$10$2ddc$40$6KTS_1_000000000000000_C3_27_01E21$70$8RAR$9135$aORPH$bORPH$cKTS1_C3$d2020-07-08$eKoopman$l0$oKTS1 C3.27 01E21$p20145707$r2021-01-12 00:00:00$w2021-01-12$yBOO
=999  \\$d135

