=LDR  01208aam a2200253   4500
=001  136
=005  20250925143254.0
=008  230821s1933\\\\||||||||\b|||\00|\0\eng\d
=041  \\$aeng
=100  \\$aMuir, P.  H.$4aut$94884
=245  \\$aEnglish Imprints After 1640
=260  \\$aLondon$bBibliographical Society$c1933
=300  \\$a[20] pages
=500  \\$anote from the author in front matter, dated Novembre 6 1933; no. 4 out of 25 copies
=648  \0$1http://www.wikidata.org/entity/Q7016$a17th Century (1601-1700)$920923
=648  \0$1http://www.wikidata.org/entity/Q7015$a18th Century (1701-1800)$920899
=648  \0$1http://www.wikidata.org/entity/Q6955$a19th Century (1801-1900)$920935
=648  \0$1http://www.wikidata.org/entity/Q6927$a20th Century (1901-2000)$920936
=650  \0$aBibliography$1http://www.wikidata.org/entity/Q134995$93965
=650  \0$aPrinting$1http://www.wikidata.org/entity/Q11034$921936
=651  \0$1http://www.wikidata.org/entity/Q84$aLondon (United Kingdom)$9123
=942  \\$cBOO
=952  \\$00$10$2ddc$40$6KTS_1_000000000000000_C3_27_01E23$70$8RAR$9136$aORPH$bORPH$cKTS1_C3$d2020-07-08$eKoopman$l0$oKTS1 C3.27 01E23$p20145709$r2021-01-12 00:00:00$w2021-01-12$yCHA
=999  \\$d136

