=LDR  01681    a2200289   4500
=001  139
=003  OI
=005  20250120120303.0
=008  210224s1595\\\\be\|||||\||||\00|\0\lat\d
=041  \\$alat
=100  \\$aPlautus, Titus Maccius$d250 BC-164 BC$4aut$1http://www.wikidata.org/entity/Q47160$94887
=245  \\$aComœdiæ viginti
=260  \\$as.l.$bStoer$c1595
=300  \\$a[vi]-824 pages
=336  \\$abook
=336  \\$aprinted
=505  \\$aTypographus, Plautinæ elegantiæ studiosis, salutem -- Amphitryon -- Asinaria -- Aulularia -- Captivi -- Curculio -- Casina -- Cistellaria -- Epidicus -- Bacchides -- Mostellaria -- Menæchmi -- Miles gloriosus -- Mercator -- Pseudolus -- Pœnulus -- Persa -- Rudens -- Stichus  -- Trinumummus -- Truculentus
=590  \\$aVariæ lectiones ac notæ, ex D. Lambini aliorumque doctissimoru viroru commentariis, suo qucq. loco adscriptæ. Perspecua item in singulas Comœdias argumenta
=648  \0$aClassical Antiquity (8th Century BC-6th Century AD)$1http://www.wikidata.org/entity/Q486761$921435
=650  \0$aPlay (theater)$1http://www.wikidata.org/entity/Q25379$921414
=650  \0$aComedy$1http://www.wikidata.org/entity/Q40831$921436
=651  \0$aRome (Italy)$1http://www.wikidata.org/entity/Q220$949
=700  \\$4edt$aLambin, Denis$d1519-1572$1http://www.wikidata.org/entity/Q1187482$94888
=856  \\$uhttp://www.ville-ge.ch/musinfo/bd/bge/gln/notice/?no=GLN-5896$3Municipality of Genève
=942  \\$cBOO$2ddc
=952  \\$00$10$2ddc$40$6KTS_1_000000000000000_C1_01_01F04$70$8RAR$9139$aORPH$bORPH$cKTS1_C1$d2020-07-08$eKoopman$i01F04$l0$oKTS1 C1.01 01F04$p20135796$r2021-01-12 00:00:00$w2021-01-12$yBOO
=999  \\$c139$d139

