=LDR  01452    a2200265   4500
=001  141
=008  210504s1589\\\\\\\|||||\||||\00|\0\lat\d
=041  \\$alat
=100  \\$aPlautus, Titus Maccius$d250 BC-164 BC$4aut$1http://www.wikidata.org/entity/Q47160$94887
=245  \\$aLatinæ comœdiæ facile principis fabulæ superstites XX
=260  \\$aLeiden$bPlantin$c1589
=300  \\$a[xiv]-869-[9] pages
=336  \\$abook
=336  \\$aprinted
=500  \\$aSome ms. annotations (Tic-Tac-Toe games?)
=504  \\$aContains index
=505  \\$aJanus Dousa F. lectori -- De Plauto et eius scriptis veterum auctorum testimonia -- Amphytrion -- Asinaria -- Aulularia -- Captivi -- Curculio -- Casina -- Epidicus -- Bacchides -- Mostellaria -- Menæchmi -- Miles gloriosus -- Mercator -- Pseudolus -- Pœnulus -- Persa -- Rudens -- Stichus -- Trinummus -- Truculentus -- Animadversiones
=561  \\$aMs. provenance crossed out on title-page
=590  \\$aex recensione Dousica
=648  \0$aClassical Antiquity (8th Century BC-6th Century AD)$1http://www.wikidata.org/entity/Q486761$921435
=650  \0$aPlay (theater)$1http://www.wikidata.org/entity/Q25379$921414
=650  \0$aComedy$1http://www.wikidata.org/entity/Q40831$921436
=942  \\$cBOO
=952  \\$00$10$2ddc$40$6KTS_1_000000000000000_C1_01_01F03$70$8RAR$9141$aORPH$bORPH$cKTS1_C1$d2020-07-08$eKoopman$i01F03$l0$oKTS1 C1.01 01F03$p20135795$r2021-01-12 00:00:00$w2021-01-12$yBOO
=999  \\$c141$d141

