=LDR  01043aam a2200229   4500
=001  147
=008  210525s1697\\\\\\\|||||\||||\00|\0\ita\d
=041  \\$aita$hlat
=100  \\$aFlorus, Lucius Annaeus$dc. 74-130$4aut$1http://www.wikidata.org/entity/Q316483$95236
=245  \\$aL'Historie romane
=260  \\$aVenice$bs.n.$c1697
=300  \\$a285 pages
=336  \\$abook
=336  \\$aprinted
=648  \0$a17th Century (1601-1700)$1http://www.wikidata.org/entity/Q7016$920923
=648  \0$aClassical Antiquity (8th Century BC-6th Century AD)$1http://www.wikidata.org/entity/Q486761$921435
=650  \0$aHistory$1http://www.wikidata.org/entity/Q309$921403
=700  \\$4trl$aConti, S.$94898
=856  \\$uhttps://books.google.be/books?id=Twoe0At_Rx0C&dq=florus%20l'historie%20romane%201697&hl=nl&pg=PP2#v=onepage&q&f=false$3Google Books
=942  \\$cBOO
=952  \\$00$10$2ddc$40$6KTS_1_000000000000000_C1_01_01F11$70$8RAR$9147$aORPH$bORPH$cKTS1_C1$d2020-07-08$eKoopman$l0$oKTS1 C1.01 01F11$p20135816$r2021-01-12 00:00:00$w2021-01-12$yBOO
=999  \\$d147

