=LDR  01050    a2200229   4500
=001  149
=008  210525s1853\\\\\\\|||||\||||\00|\p\dut\d
=041  \\$adut
=100  \\$aBilderdijk, Willem$d1756-1831$4aut$1http://www.wikidata.org/entity/Q1375186$94900
=245  \\$aKrekelzangen vols. 1-3
=260  \\$aSchiedam$bRoelants$c1853
=300  \\$a3 vols. ([ix]-112+[iii]-116+[xv]-120 pages)
=336  \\$abook
=336  \\$aprinted
=500  \\$aOriginally published in 1822-23
=500  \\$anumerous poems would criticize enlightened society
=534  \\$cRotterdam: Immerzeel, 1822$ohttps://books.google.be/books?id=jycPAAAAQAAJ&dq=krekelzangen%20Bilderdijk&hl=nl&pg=PP1#v=onepage&q&f=false
=650  \0$aPoetry$1http://www.wikidata.org/entity/Q482$93026
=650  \0$aCorrespondence$1http://www.wikidata.org/entity/Q1784733$921392
=942  \\$cBOO
=952  \\$00$10$2ddc$40$6KTS_1_000000000000000_C1_01_01F13$70$8RAR$9149$aORPH$bORPH$cKTS1_C1$d2020-07-08$eKoopman$i01F13$l0$oKTS1 C1.01 01F13$p20135813$r2021-01-12 00:00:00$w2021-01-12$yBOO
=999  \\$c149$d149

