=LDR  00910    a2200229   4500
=001  153
=008  210525s1674\\\\\\\|||||\||||\00|\p\ita\d
=041  \\$aita
=100  \\$aTasso, Torquato$d1544-1595$4aut$1http://www.wikidata.org/entity/Q168962$94904
=245  \\$aIl Goffredo
=260  \\$aVenice$bPrati$c1674
=300  \\$a522 pages
=336  \\$abook
=336  \\$aprinted
=534  \\$aOriginally 'La Gerusalemme liberata' (1581)
=648  \0$a17th Century (1601-1700)$1http://www.wikidata.org/entity/Q7016$920923
=650  \0$aPoetry$1http://www.wikidata.org/entity/Q482$93026
=651  \0$aVenice (Italy)$1http://www.wikidata.org/entity/Q641$91
=700  \\$4aut$aAriosti, Orazio$94905
=942  \\$cBOO
=952  \\$00$10$2ddc$40$6KTS_1_000000000000000_C1_01_01F17$70$8RAR$9153$aORPH$bORPH$cKTS1_C1$d2020-07-08$eKoopman$i01F17$l0$oKTS1 C1.01 01F17$p20135815$r2021-01-12 00:00:00$w2021-01-12$yBOO
=999  \\$c153$d153

