=LDR  01665    a2200265   4500
=001  154
=008  210525m15661579\\\|||||\||||\00|\0\lat\d
=041  \\$alat
=100  \\$aAristoteles$d384-322 BC$4aut$1http://www.wikidata.org/entity/Q868$94906
=245  \\$aOpera omnia$nvols. 1-3/8
=260  \\$aLyon$bJunta$c1566-79
=300  \\$a3 vols. (637+ 796+583 pages)
=336  \\$abook
=336  \\$aprinted
=504  \\$aInteresting publication on Atistotle's Opera Omnia editions in Lyon during the Renaissance:
https://www.enssib.fr/bibliotheque-numerique/documents/64682-les-editions-d-aristote-a-lyon-des-incunables-aux-opera-omnia-de-1549.pdf
=561  \\$aVol. 2 is ex libris "Herr Heinrich" (manuscript)
=563  \\$aGilded edges
=648  \0$a16th Century (1501-1600)$1http://www.wikidata.org/entity/Q7017$920944
=648  \0$aClassical Antiquity (8th Century BC-6th Century AD)$1http://www.wikidata.org/entity/Q486761$921435
=650  \0$aPhilosophy$1http://www.wikidata.org/entity/Q5891$92357
=942  \\$cBOO
=952  \\$00$10$2ddc$3vol. 1$40$6KTS_1_000000000000000_C1_01_01F18_01$70$8RAR$9154$aORPH$bORPH$cKTS1_C1$d2020-07-08$eKoopman$i01F18_01$l0$oKTS1 C1.01 01F18_01$p20136448$r2021-01-12 00:00:00$w2021-01-12$yBOO
=952  \\$00$10$2ddc$3vol. 2$40$6KTS_1_000000000000000_C1_01_01F18_02$70$8RAR$920251$aORPH$bORPH$cKTS1_C1$d2020-07-08$eKoopman$i01F18_02$l0$oKTS1 C1.01 01F18_02$p20136670$r2021-06-15 00:00:00$w2021-01-12$yBOO
=952  \\$00$10$2ddc$3vol. 3$40$6KTS_1_000000000000000_C1_01_01F18_03$70$8RAR$920252$aORPH$bORPH$cKTS1_C1$d2020-07-08$eKoopman$i01F18_03$l0$oKTS1 C1.01 01F18_03$p20136671$r2021-06-15 00:00:00$w2021-01-12$yBOO
=999  \\$c154$d154

