=LDR  01431aam a2200253   4500
=001  167
=008  220118r17751769||||||||\||||\00|\0\fre\d
=041  \\$afre
=100  \\$aGauthier, François Louis$d1696-1780$4aut$1http://www.wikidata.org/entity/Q106351974$94930
=245  \\$aTraité contre les danses et les mauvaises chansons
=250  \\$a2nd ed.
=260  \\$aParis$bBoudet$c1775
=300  \\$alx-426-[5] pages
=336  \\$aprinted
=534  \\$aOriginally published in 1769
=590  \\$adans lequel le danger & le mal qui y sont renfermés sont démontrés par les témoignages multipliés des Saintes Ecritures, des SS. PP. des conciles, de plusieurs evêques du siécle passé & du nôtre, d'un nombre de théologiens moraux & de casuistes, de jurisconsultes, de plusieurs ministres protestans, & enfin des païens même
=648  \0$a18th Century (1701-1800)$1http://www.wikidata.org/entity/Q7015$920899
=650  \0$aReligion$1http://www.wikidata.org/entity/Q9174$93062
=650  \0$aMusic criticism$1http://www.wikidata.org/entity/Q11748889$921598
=650  \0$aTheater criticism$1http://www.wikidata.org/entity/Q2416230$921632
=856  \\$uhttps://books.google.be/books?id=RfNbAAAAQAAJ&$3Google Books
=942  \\$cBOO
=952  \\$00$10$2ddc$40$6KTS_1_000000000000000_C2_01_01G03$70$8RAR$9167$aORPH$bORPH$cKTS1_C2$d2020-07-08$eKoopman$i01G03$oKTS1 C2.01 01G03$p20138250$r2021-01-12 00:00:00$w2021-01-12$yBOO
=999  \\$d167

