=LDR  02107aam a2200289   4500
=001  171
=008  210419s1755\\\\\\\|||||\||||\00|\0\ger\d
=041  \\$adut$hger
=100  \\$aWerckmeister, Andreas$d1645-1706$4aut$1http://www.wikidata.org/entity/Q61162$94936
=245  \\$aOrgel-proef,$bof Naauwkeurige beschrijving van 't geene, dat er voor het aanbesteeden van nieuwe, en, te renoveerene oude, orgels nodig diene te worden in acht genomen
=260  \\$aAmsterdam$bOlofsen$c1755
=300  \\$a151-[17] pages
=500  \\$aJacob Wilhelm Lustig (1706-1796) is one of Ton Koopman's favorite authors ("he wrote in Dutch beautifully" - Koopman 2016, 675)
=500  \\$aFrontispiece in red and black ink
=501  \\$aBound in with 'Catalogus van veele nieuwe en uitmuntende Muziek-Werken ... gedrukt bij Olofsen'
=534  \\$aGerman version originally published in 1681
=590  \\$aals mede, hoe dezelve, na de vervaardiging, te onderzoeken en aan de kerken over te leveren zyn: ten dienste van kerkvoorstanders, die orgels willen aanleggen en vermaaken laaten, en tot onderrigting van organisten, die tot het toetsen van orgelwerken mogten worden gelast, opgesteld door Andreas Werkmeister, in leven, vermaard muzykkundige, en organist van Martini Kerk te Halberstadt. Volgens den laatsten druk, by den auteur vermeerderd en nagezien, uit het Hoogduitsche vertaald, in orde gebragt en opgehelderd
=648  \0$a17th Century (1601-1700)$1http://www.wikidata.org/entity/Q7016$920923
=648  \0$a18th Century (1701-1800)$1http://www.wikidata.org/entity/Q7015$920899
=650  \0$aOrgan$1http://www.wikidata.org/entity/Q1444$92810
=651  \0$aGermany$1http://www.wikidata.org/entity/Q183$9155
=700  \\$4trl$aLustig, Jacob Wilhelm$d1706-1796$1http://www.wikidata.org/entity/Q1677671$95820
=765  \\$aOrgel-Probe
=856  \\$uhttps://books.google.be/books?id=PXxoAAAAcAAJ$3Google Books
=942  \\$cBOO
=952  \\$00$10$2ddc$40$6KTS_1_000000000000000_C2_01_01G07$70$8RAR$9171$aORPH$bORPH$cKTS1_C2$d2020-07-08$eKoopman$oKTS1 C2.01 01G07$p20138270$r2021-01-12 00:00:00$w2021-01-12$yBOO
=999  \\$d171

