=LDR  03832    a2200733   4500
=001  174
=005  20251013180805.0
=008  220124s1792\\\\||||||||\||||\00|\0\ger\d
=041  \\$ager
=100  \\$aDeimling, Ernst Ludwig$4aut$1http://www.wikidata.org/entity/Q95291998$94940
=245  \\$aBeschreibung des Orgelbaues und der Verfahrungsart bei Untersuchung neuer und verbesserter Werke
=250  \\$a2nd ed.
=260  \\$aOffenbach$bWeiß und Brede$c1792
=300  \\$a216 pages
=336  \\$aprinted
=561  \\$aEx libris Deprinz/Scheer (?) (ms.)
=590  \\$aEin Buch für Organisten, Schulmeister und Ortsvorgesetzte
=648  \0$a18th Century (1701-1800)$1http://www.wikidata.org/entity/Q7015$920899
=650  \0$aOrganology$1http://www.wikidata.org/entity/Q899293$921400
=650  \0$aOrgan$1http://www.wikidata.org/entity/Q1444$92810
=650  \0$aMusic history$1http://www.wikidata.org/entity/Q846047$921373
=651  \0$aGermany$1http://www.wikidata.org/entity/Q183$9155
=653  \0$aa =$383, 84, 134$020138285$w01G10$928388
=653  \0$aAdlung$358$020138285$w01G10$928497
=653  \0$abasso continuo_orgel$373, 83$020138285$w01G10$929197
=653  \0$acompositieloon$3216$020138285$w01G10$930641
=653  \0$aorgel_in eredienst$316, 17, 73, 193, 214-216$020138285$w01G10$935507
=653  \0$aorgel_metaal$358, 59$020138285$w01G10$935514
=653  \0$aorgelpedaal_en basso continuo$383$020138285$w01G10$935561
=653  \0$aorgelregistratie$364, 65, 72, 74, 78, 106, 214$020138285$w01G10$935575
=653  \0$aorgelregistratie_en basso continuo$383$020138285$w01G10$935579
=653  \0$aorgelregistratie_en gemeentezang$3214$020138285$w01G10$935580
=653  \0$aoude muziek vroeger$3203$020138285$w01G10$935658
=653  \0$aechoeffekt$379$020138285$w01G10$931377
=653  \0$aemoties$316, 196$020138285$w01G10$931445
=653  \0$atemperatuur$3145-147, 176-178$020138285$w01G10$936807
=653  \0$atempo_van gemeentezang$3197, 201$020138285$w01G10$936836
=653  \0$atoucher$322, 24, 28-30, 173, 174$020138285$w01G10$937044
=653  \0$atransponeren$383, 84$020138285$w01G10$937072
=653  \0$atremulant$345, 46, 146$020138285$w01G10$937097
=653  \0$atussenspel_en gemeentezang$3213$020138285$w01G10$937246
=653  \0$avibrato$346$020138285$w01G10$937531
=653  \0$aimprovisatie$3211, 214, 215$020138285$w01G10$933059
=653  \0$avolume$315,16, 17, 104$020138285$w01G10$937724
=653  \0$aWerckmeister, A.$358$020138285$w01G10$937929
=653  \0$aregaal$315$020138285$w01G10$938302
=653  \0$aklokkenspelregister op orgel$385$020138285$w01G10$933633
=653  \0$aSilbermann, J.A.$358, 70, 74, 87$020138285$w01G10$939119
=653  \\$a4 klav. orgel$327$928375$020138285$w01G10
=653  \\$aBossard$318, 23, 49, 70, 87$929816$020138285$w01G10
=653  \\$acimbelstern$347, 77$930486$020138285$w01G10
=653  \\$akoraal en fermate$3204, 205, 206$020138285$w01G10$933701
=653  \\$aorganist = registrant$343, 135$935456$020138285$w01G10
=653  \\$aorgelregistrant$343, 135$935573$020138285$w01G10
=653  \\$arep. vulstemmen$377, 89, 90, 91, 92$938376$020138285$w01G10
=653  \\$aStein$370, 82, 88$936533$020138285$w01G10
=653  \\$aStumm, Gebr.$370$936662$020138285$w01G10
=653  \\$atertsmixtuur$390$936866$020138285$w01G10
=653  \\$avrije speeltafel$324$937805$020138285$w01G10
=653  \\$avulstemmen_repetitief$377, 89, 90, 91, 92$937820$020138285$w01G10
=856  \\$uhttps://reader.digitale-sammlungen.de/de/fs1/object/display/bsb10598447_00005.html$3Bavarian State Library
=942  \\$cBOO
=952  \\$00$10$2ddc$40$6KTS_1_000000000000000_C2_01_01G10$70$8RAR$9174$aORPH$bORPH$cKTS1_C2$d2020-07-08$eKoopman$oKTS1 C2.01 01G10$p20138285$r2021-01-12 00:00:00$w2021-01-12$yBOO
=999  \\$d174

