=LDR  01788aam a2200289   4500
=001  175
=008  220126s1706\\\\|||afb||\||||\00|\0\dut\d
=041  \\$adut$hger
=100  \\$aHeberer, Michiel$4aut$94941
=245  \\$aOngelukkige voyagie van Michiel Heberer, van Bretten: door verscheyde gedeeltens van Asia en Africa, in het jaar 1582
=260  \\$aLeiden$bvander Aa$c1706
=300  \\$a245-[19] pages$b8 plates, 1 folded sheet inserted
=336  \\$aprinted
=534  \\$aOriginally published (in German) in 1610$ohttps://www.dilibri.de/id/455924
=590  \\$aen vervolgens Verhalende het gevangen nemen, mitsgaders de harde en slaafse dienstbaarheyd des schrijvers, onder het wreede jok der Turken in Egypten, en hoe hy eyndelijk, na veele uytgestane ongemakken, in syn vryheyd is hersteld. Als mede een beschrijving van verscheyde eylanden, steeden, zee-havens, oudheeden van Egypten, Turkyen en het Heylige Land: ook de gewoontens, zeden en straf-oefeningen deser volkeren
=648  \0$a17th Century (1601-1700)$1http://www.wikidata.org/entity/Q7016$920923
=648  \0$a18th Century (1701-1800)$1http://www.wikidata.org/entity/Q7015$920899
=650  \0$aTravel$1http://www.wikidata.org/entity/Q61509$94440
=650  \0$aBiography$1http://www.wikidata.org/entity/Q36279$91927
=650  \0$aHistory$1http://www.wikidata.org/entity/Q309$921403
=651  \0$aAfrica$922253
=651  \0$aAsia$1http://www.wikidata.org/entity/Q48$923030
=651  \0$aEurope$1http://www.wikidata.org/entity/Q46$991
=856  \\$uhttps://books.google.be/books?id=2K9OwDnDBM8C$3Google Books
=942  \\$cBOO
=952  \\$00$10$2ddc$40$6KTS_1_000000000000000_C2_01_01G11$70$8RAR$9175$aORPH$bORPH$cKTS1_C2$d2020-07-08$eKoopman$oKTS1 C2.01 01G11$p20138286$r2021-01-12 00:00:00$w2021-01-12$yBOO
=999  \\$d175

