=LDR  04182    a2200697   4500
=001  176
=005  20251013180716.0
=008  220126s1799\\\\|||||i||\||||\00|\0\ger\d
=041  \\$ager
=059  \\$aSATB
=059  \\$aorg
=245  \\$aVollständige Sammlung theils ganz neu componirter, theils verbesserter vierstimmige Choralmelodien für das neue Wirtembergische Landesgesangbuch
=250  \\$a1st ed.
=260  \\$aStuttgart$bMantler$c1799
=300  \\$a01G12: xx-318-[3] pages
=300  \\$a11K16: [xii]-298 pages$bincomplete copy: title page and some of the introduction and indexes are missing, edges cut too short, some text loss
=500  \\$athe frontispiece depicts the organ of the Stiftkirche in Stuttgart
=500  \\$aItem 01G12 is complete, item 11K16 is missing the title page and some of the introductions and indexes
=561  \\$a11K16: Ex libris Adolf Ruthardt (ms)
=590  \\$aZum Orgelspielen und Vorsingen in allen vaterländischen Kirchen und Schulen ausschließend, gnädigst verordnet. Nebst einer zwekmäßigen Einleitung: in zehen Rubriken eingetheiltem Register ; u. einem mit diesem Werke eng verbundnen Anhange.
=648  \0$a18th Century (1701-1800)$1http://www.wikidata.org/entity/Q7015$920899
=650  \0$aChorale$1http://www.wikidata.org/entity/Q724473$921334
=650  \0$aArrangement$1https://www.wikidata.org/wiki/Q379755$1http://www.wikidata.org/entity/Q379755$94282
=650  \0$aOrgan$1http://www.wikidata.org/entity/Q1444$92810
=650  \0$aLute$1http://www.wikidata.org/entity/Q180733$93944
=651  \0$aBaden-Württemberg (Germany)$1http://www.wikidata.org/entity/Q985$922802
=653  \0$aAbbé Vogler$3vii$020138290$w01G12$928417
=653  \0$aad libitum bezetting$3vii, xv, xvi, 279$020138290$w01G12$928476
=653  \0$aademhalen$3x$020138290$w01G12$928491
=653  \0$aafwisseling$3xv$020138290$w01G12$928514
=653  \0$aBach, C.P.E.$3vi$020138290$w01G12$928902
=653  \0$aboekprijs$3xix$020138290$w01G12$929701
=653  \0$acomponiste$3vii$020138290$w01G12$930632
=653  \0$aorgel_in eredienst$3xi-xiii$020138290$w01G12$935507
=653  \0$aorgelregistratie_en gemeentezang$3xi, xii$020138290$w01G12$935580
=653  \0$adrukfout$3319, 320, 321$020138290$w01G12$931220
=653  \0$afermate en koraal$3ix, x, xii$020138290$w01G12$931668
=653  \0$atempo$3v, ix$020138290$w01G12$936814
=653  \0$atrillers_toevoegen$3ix$020138290$w01G12$937157
=653  \0$avibrato$3ix$020138290$w01G12$937531
=653  \0$akerktoonsoorten$3xvii$020138290$w01G12$933376
=653  \0$azink$3xvi$020138290$w01G12$938157
=653  \0$azuiverheid$3x$020138290$w01G12$938176
=653  \0$aKnecht, J.H.$3voorwoord$020138290$w01G12$933641
=653  \0$akoraal_en tussenspel$3x, xii, xiii$020138290$w01G12$933709
=653  \0$akwint/octaafparallellen$3vii$020138290$w01G12$933821
=653  \0$aSchmidlin$3vii$020138290$w01G12$938892
=653  \0$ameerkorigheid$3279-286$020138290$w01G12$934594
=653  \\$aAmalia van Pruissen$3vii$928639$020138290$w01G12
=653  \\$agesticuleren$3x$932158$020138290$w01G12
=653  \\$apedaalspel_en gemeentezangbegeleiding$3xii$935831$020138290$w01G12
=653  \\$aStuttgart Stiftkirche orgel$3tp$936663$020138290$w01G12
=653  \\$avoorzanger_taken$3ix, x, xi, xiv$937767$020138290$w01G12
=700  \\$4cmp$4edt$aChristmann, Johann Friedrich$d1752-1817$1http://www.wikidata.org/entity/Q55122884$98875
=700  \\$4cmp$4edt$aKnecht, Justin Heinrich$d1752-1817$1http://www.wikidata.org/entity/Q882109$95089
=856  \\$uhttps://reader.digitale-sammlungen.de/resolve/display/bsb10525202.html$3Bavarian State Library
=856  \\$uhttps://api.digitale-sammlungen.de/iiif/presentation/v2/bsb10525202/manifest$3IIIF manifest
=942  \\$cSCO
=952  \\$00$10$2ddc$40$6KTS_1_000000000000000_C2_01_01G12$70$8RAR$9176$aORPH$bORPH$cKTS1_C2$d2020-07-08$eKoopman$oKTS1 C2.01 01G12$p20138290$r2021-01-12 00:00:00$w2021-01-12$ySCO
=952  \\$00$10$2ddc$40$6KTS_1_000000000000000_C2_70_11K16$70$8RAR$922501$aORPH$bORPH$cKTS1_C2$d2020-07-08$eKoopman$l0$oKTS1 C2.70 11K16$p20140230$r2023-02-15 00:00:00$w2021-01-12$ySCO
=999  \\$d176

