=LDR  01074aam a2200241   4500
=001  177
=008  220124s1670\\\\|||a||||\||||\00|\0\lat\d
=041  \\$alat$agre
=100  \\$aCragius, Niels$4aut$94944
=245  \\$aRipensis de republica Lacedæmoniorum libri IV
=260  \\$aNijmegen$bGelder$c1670
=300  \\$a[xvi]-573 pages
=336  \\$aprinted
=500  \\$aVarious aspects of Spartan history and culture
=561  \\$aEx libris John Rutherford, Esq. of Edgerton (plate)
=648  \0$a17th Century (1601-1700)$1http://www.wikidata.org/entity/Q7016$920923
=650  \0$aHistory$1http://www.wikidata.org/entity/Q309$921403
=650  \0$aCuckoo$1http://www.wikidata.org/entity/Q18845$922474
=651  \0$aGreece$1http://www.wikidata.org/entity/Q41$921778
=856  \\$uhttps://books.google.be/books?id=M_NgAAAAcAAJ&hl=nl&pg=PP3#v=onepage&q&f=false$3Google Books
=942  \\$cBOO
=952  \\$00$10$2ddc$40$6KTS_1_000000000000000_C2_01_01G09$70$8RAR$9177$aORPH$bORPH$cKTS1_C2$d2020-07-08$eKoopman$oKTS1 C2.01 01G09$p20138272$r2021-01-12 00:00:00$w2021-01-12$yBOO
=999  \\$d177

