=LDR  01091aam a2200241   4500
=001  178
=008  220126s1828\\\\|||af|||\||||\00|\0\dut\d
=041  \\$adut
=100  \\$aHazeu, Johannes$d1754-1835$4aut$1http://www.wikidata.org/entity/Q18088755$94945
=245  \\$aDe heilrijke gevolgen van een deugdzaam leven
=250  \\$a1st ed.
=260  \\$aAmsterdam$bHelmig$bRadink$c1828
=300  \\$aii-234-[2] pages$b3 plates inserted
=336  \\$aprinted
=500  \\$asequel to 'De geschiedenis van Laura Guldenbeek'
=648  \0$a19th Century (1801-1900)$1http://www.wikidata.org/entity/Q6955$920935
=650  \0$aMoral education$1http://www.wikidata.org/entity/Q25457248$93171
=650  \0$aReligion$1http://www.wikidata.org/entity/Q9174$93062
=651  \0$aNetherlands$1http://www.wikidata.org/entity/Q55$9173
=856  \\$uhttps://books.google.be/books?id=XOpWAAAAcAAJ$3Google Books
=942  \\$cBOO
=952  \\$00$10$2ddc$40$6KTS_1_000000000000000_C2_01_01G14$70$8RAR$9178$aORPH$bORPH$cKTS1_C2$d2020-07-08$eKoopman$oKTS1 C2.01 01G14$p20138287$r2021-01-12 00:00:00$w2021-01-12$yBOO
=999  \\$d178

