=LDR  01305aam a2200289   4500
=001  179
=008  220126r18181815|||af|||\||||\00|\0\dut\d
=041  \\$adut$hger
=100  \\$aVollbeding, Johann Christoph$4aut$94946
=245  \\$aAriston, of Schildering van menschelijke grootheid van geest en goedheid van hart
=250  \\$a2nd ed.
=260  \\$aDordrecht$bBlussé & Van Braam$c1818
=300  \\$a201-[3] pages$b9 plates inserted
=336  \\$aprinted
=500  \\$ashort biographical portraits of aristocrats
=500  \\$aplates are partly colored in by hand
=534  \\$cBerlin: 1815
=561  \\$aEx libris B.G. Wijnhoff 1867 (ms.)
=648  \0$a19th Century (1801-1900)$1http://www.wikidata.org/entity/Q6955$920935
=650  \0$aHistory$1http://www.wikidata.org/entity/Q309$921403
=650  \0$aBiography$1http://www.wikidata.org/entity/Q36279$91927
=650  \0$aMoral education$1http://www.wikidata.org/entity/Q25457248$93171
=700  \\$4trl$aSpaan, G. C.$1http://www.wikidata.org/entity/Q98122568$94947
=856  \\$uhttps://books.google.be/books?id=dnBdAAAAcAAJ$3Google Books
=942  \\$cBOO
=952  \\$00$10$2ddc$40$6KTS_1_000000000000000_C2_01_01G15$70$8RAR$9179$aORPH$bORPH$cKTS1_C2$d2020-07-08$eKoopman$oKTS1 C2.01 01G15$p20138288$r2021-01-12 00:00:00$w2021-01-12$yBOO
=999  \\$d179

