=LDR  01028aam a2200241   4500
=001  182
=005  20250925143254.0
=008  220126s1913\\\\|||ca|||\||||\00|\0bdut\d
=041  \\$adut
=100  \\$aEeden, Frederik van$d1860-1932$4aut$1http://www.wikidata.org/entity/Q211514$94949
=245  \\$aPaul's ontwaken
=250  \\$a1st ed.
=260  \\$aAmsterdam$bVersluys$c1913
=300  \\$a95 pages
=500  \\$aAbout Van Eeden's son, who died from tuberculosis at the age of 24
=648  \0$a20th Century (1901-2000)$1http://www.wikidata.org/entity/Q6927$920936
=650  \0$aBiography$1http://www.wikidata.org/entity/Q36279$91927
=650  \0$aDeath$1http://www.wikidata.org/entity/Q4$94425
=650  \0$aPoetry$1http://www.wikidata.org/entity/Q482$93026
=651  \0$aNetherlands$1http://www.wikidata.org/entity/Q55$9173
=942  \\$cBOO
=952  \\$00$10$2ddc$40$6KTS_1_000000000000000_C2_01_01G17$70$8RAR$9182$aORPH$bORPH$cKTS1_C2$d2020-07-08$eKoopman$oKTS1 C2.01 01G17$p20138269$r2021-01-12 00:00:00$w2021-01-12$yBOO
=999  \\$d182

