=LDR  01043aam a2200241   4500
=001  183
=008  220126s1750\\\\|||a||||\||||\00|\d\fre\d
=041  \\$afre
=100  \\$aGrandval, Nicolas Racot de$d1676-1753$4aut$94950
=245  \\$aAgate ou La chaste princesse.$bTragédie
=250  \\$a1st ed.
=260  \\$aParis$c1750
=300  \\$a39 pages
=336  \\$aprinted
=500  \\$aLe Père Grandval' (1676-1753) was both a harpsichordist, composer and playwright
=648  \0$a18th Century (1701-1800)$1http://www.wikidata.org/entity/Q7015$920899
=650  \0$aPlay (theater)$1http://www.wikidata.org/entity/Q25379$921414
=650  \0$aLibretto$1http://www.wikidata.org/entity/Q131084$94031
=651  \0$aParis (France)$1http://www.wikidata.org/entity/Q90$9160
=856  \\$uhttps://books.google.be/books?id=RMk7AAAAcAAJ$3Google Books
=942  \\$cBOO
=952  \\$00$10$2ddc$40$6KTS_1_000000000000000_C2_01_01G19$70$8RAR$9183$aORPH$bORPH$cKTS1_C2$d2020-07-08$eKoopman$oKTS1 C2.01 01G19$p20138295$r2021-01-12 00:00:00$w2021-01-12$yBOO
=999  \\$d183

