=LDR  00952aam a2200229   4500
=001  184
=005  20250925143254.0
=008  220126s1919\\\\|||a||||\||||\00|\0\dut\d
=041  \\$adut
=100  \\$aEeden, Frederik van$d1860-1932$4aut$1http://www.wikidata.org/entity/Q211514$94949
=245  \\$aJezus' leer en verborgen leeven
=250  \\$a1st ed.
=260  \\$aAmsterdam$bVersluys$c1919
=300  \\$a185 pages
=561  \\$aEx libris P.H. Schilz (?) (ms.)
=648  \0$a20th Century (1901-2000)$1http://www.wikidata.org/entity/Q6927$920936
=650  \0$aBiography$1http://www.wikidata.org/entity/Q36279$91927
=650  \0$aPhilosophy$1http://www.wikidata.org/entity/Q5891$92357
=651  \0$aNetherlands$1http://www.wikidata.org/entity/Q55$9173
=942  \\$cBOO
=952  \\$00$10$2ddc$40$6KTS_1_000000000000000_C2_01_01G18$70$8RAR$9184$aORPH$bORPH$cKTS1_C2$d2020-07-08$eKoopman$oKTS1 C2.01 01G18$p20138294$r2021-01-12 00:00:00$w2021-01-12$yBOO
=999  \\$d184

