=LDR  01988aam a2200229   4500
=001  186
=008  220201s1731\\\\||||||||\||||\00|\0\eng\d
=041  \\$aeng
=245  \\$aThe Behavior of the Clergy, as Well as Their Traditions, Destructive of Religion
=260  \\$aLondon$bDodd$bCook$bChrichley$bJolyffe$c1731
=300  \\$a[ii]-viii-60 pages
=336  \\$aprinted
=590  \\$aOr, a succinct history of priestcraft, throughout all ages. Containing, a general introduction of the institution of all pretended revelations. Remarks on priestcraft amongst the Greeks: the strange superstition of that learned people, proved to be the ruin of Athens. Remarks on Roman priestcraft, their augurs, pontiffs, &c. An account of the Bramins, Bonzées, Talapoins, and other Eastern priests: with a curious history of the Pharisees and Sadduces among the Jews. Popish priestcraft unveil'd, particularly with regard to our own island. Concluding with the secret intrigues of the gown with all parties from the Reformation to the vicars Ap---cy. Dedicated to the Most Worthy Sect of free-thinkers. That it may please thee to illuminate all Bishops, Priests and Deacons, with true knowledge and understanding of thy word and that both by thir preachinge and living they may set it forth and shew it accordingly. Liturgy of the Ch. of England
=648  \0$a18th Century (1701-1800)$1http://www.wikidata.org/entity/Q7015$920899
=650  \0$aReligion$1http://www.wikidata.org/entity/Q9174$93062
=650  \0$aMoral education$1http://www.wikidata.org/entity/Q25457248$93171
=650  \0$aCrescendo$1http://www.wikidata.org/entity/Q2347888$922787
=651  \0$aLondon (United Kingdom)$1http://www.wikidata.org/entity/Q84$9123
=856  \\$uhttps://books.google.be/books?id=tvdiAAAAcAAJ$3Google Books
=942  \\$cBOO
=952  \\$00$10$2ddc$40$6KTS_1_000000000000000_C2_01_01G22$70$8RAR$9186$aORPH$bORPH$cKTS1_C2$d2020-07-08$eKoopman$oKTS1 C2.01 01G22$p20138309$r2021-01-12 00:00:00$w2021-01-12$yBOO
=999  \\$d186

