=LDR  01099aam a2200253   4500
=001  189
=008  220201s1895\\\\||||||||\||||\00|\0\eng\d
=041  \\$aeng
=100  \\$aElliston, Thomas$4aut$94954
=245  \\$aOrgans and Tuning
=250  \\$a2nd ed.
=260  \\$aLondon$bWeekes$c1895
=300  \\$a[vi]-204-[9] pages
=336  \\$aprinted
=561  \\$aEx libris Charles A. Reynolds (plate+ms.)
=590  \\$aA Practical Handbook for Organists: Being a Treatise on the Construction, Mechanism, and Fine Tuning of the Instrument
=648  \0$a19th Century (1801-1900)$1http://www.wikidata.org/entity/Q6955$920935
=650  \0$aOrganology$1http://www.wikidata.org/entity/Q899293$921400
=650  \0$aOrgan$1http://www.wikidata.org/entity/Q1444$92810
=650  \0$aTuning$1http://www.wikidata.org/entity/Q858576$921655
=651  \0$aUnited Kingdom$1http://www.wikidata.org/entity/Q21$9273
=942  \\$cBOO
=952  \\$00$10$2ddc$40$6KTS_1_000000000000000_C2_01_01G20$70$8RAR$9189$aORPH$bORPH$cKTS1_C2$d2020-07-08$eKoopman$oKTS1 C2.01 01G20$p20138311$r2021-01-12 00:00:00$w2021-01-12$yBOO
=999  \\$d189

