=LDR  15023aam a2202401   4500
=001  190
=008  220425s1911\\\\||||||||\||||\00|\0\ger\d
=041  \\$ager
=100  1\$aVogeleis, Martin$d1861-1930$4aut$1http://www.wikidata.org/entity/Q72938722$94955
=245  \\$aQuellen und Bausteine zu einer Geschichte der Musik und des Theaters im Elsass 500-1800
=260  \\$aStrasbourg$bLe Roux$c1911
=300  \\$a[iv]-847-[1] pages
=500  \\$aMartin Vogeleis (1861-1930) was a priest (ordained in 1885) and musicologist from Alsace.
=500  \\$aThe music collection of the Sélestat Humanist Library was built up from a donation by Abbé Vogeleis in 1930.
=650  \0$aMusic history$1http://www.wikidata.org/entity/Q846047$921373
=650  \0$aTheater history$1http://www.wikidata.org/entity/Q1061140$94607
=651  \0$aAlsace (France)$1http://www.wikidata.org/entity/Q1142$922946
=653  \0$a16 voet op klavecimbel$3589$020145710$w01H03$928360
=653  \0$aa =$3462, 768$020145710$w01H03$928388
=653  \0$aad lib. bezetting$3461, 474, 479, 482, 488, 489, 553, 558, 559, 568, 596, 616$020145710$w01H03$928471
=653  \0$aAdam, J.L.$3651, 696, 697$020145710$w01H03$928479
=653  \0$aakoestiek$359$020145710$w01H03$928552
=653  \0$aalternatimpraxis$3199, 267, 300, 357, 394$020145710$w01H03$928628
=653  \0$aBach, C.P.E.$3686, 703$020145710$w01H03$928902
=653  \0$abezetting_instrumentaal$3396, 442, 552, 560, 606, 619, 620, 623, 636, 665-668, 724, 725$020145710$w01H03$929534
=653  \0$abezetting_vocaal$3396, 560, 642, 649, 650, 665-668, 708, 725$020145710$w01H03$929535
=653  \0$ablokfluit$3405, 619$020145710$w01H03$929645
=653  \0$aBöddecker, fam.$3472, 506-509, 511-513$020145710$w01H03$929663
=653  \0$abasso continuo methode$3509, 512$020145710$w01H03$929171
=653  \0$aboekprijs$390, 137, 152, 402, 601, 628, 669, 725$020145710$w01H03$929701
=653  \0$aBémetzrieder, A.$3681, 682$020145710$w01H03$929407
=653  \0$abespelen van meer instrumenten$3186, 228, 330, 473, 480, 507, 508, 650, 654, 662, 665, 696, 698, 700, 706, 711, 724, 775$020145710$w01H03$929496
=653  \0$aBrossard, S. de$3530, 557, 561, 562-573, 582-584$020145710$w01H03$929962
=653  \0$aCapricornus, S.$3508$020145710$w01H03$930227
=653  \0$amuziek = $3384$020145710$w01H03$934994
=653  \0$amuziekautomaten$368, 131, 316, 328, 344$020145710$w01H03$935067
=653  \0$acister$3330, 341$020145710$w01H03$930490
=653  \0$amuziekles$3716, 725$020145710$w01H03$935084
=653  \0$acomponeren$3562, 563, 569$020145710$w01H03$930621
=653  \0$acomponiste$3566$020145710$w01H03$930632
=653  \0$acompositieloon$3436, 462, 475, 670, 760$020145710$w01H03$930641
=653  \0$aconcerten$3624, 625-627, 645, 659?$020145710$w01H03$930655
=653  \0$aorganist$371, 101, 102, 123, 126, 129, 137, 143, 153, 172, 173, 196, 216, 223, 236, 267, 331, 365, 543$020145710$w01H03$935454
=653  \0$aorgel in middeleeuwen$33, 5, 47, 48, 55, 56, 61, 62, 63, 71, 72, 78, 87, 91, 101, 102, 122, 123, 127, 130-134, 136, 137, 143, 144, 160, 161, 162, 444, 602, 781, 782 $020145710$w01H03$935482
=653  \0$aorgel_in eredienst$3172, 173, 216, 223, 231, 236, 240, 244, 267, 286, 288, 299, 300, 303, 304, 331, 334, 347, 357, 359, 360, 365, 387, 388, 394, 454, 463, 464, 465, 477, 511, 542, 716, 774, 781$020145710$w01H03$935507
=653  \0$adansen$3400, 492, 493$020145710$w01H03$930928
=653  \0$aoude muziek vroeger$3508, 759$020145710$w01H03$935658
=653  \0$adiminuties$3335, 337$020145710$w01H03$931087
=653  \0$adirigent$352, 55$020145710$w01H03$931092
=653  \0$adoubles$3518$020145710$w01H03$931172
=653  \0$adraailier$311$020145710$w01H03$931190
=653  \0$apiëtisme$3594$020145710$w01H03$935972
=653  \0$adynamiek$3399, 462, 538$020145710$w01H03$931346
=653  \0$aPleyel, I.$3670, 733-750, 753, 755, 761, 763, 765$020145710$w01H03$936029
=653  \0$apommer$3619$020145710$w01H03$936064
=653  \0$aengelse invloed in Elzas$3372, 373, 388, 400, 401, 410, 463, 464, 465, 472, 513, 515, 516, 517$020145710$w01H03$931467
=653  \0$aentreeprijs$3460, 477, 516, 626, 695, 732$020145710$w01H03$931491
=653  \0$aprijs van fortepiano$3589, 726, 790?$020145710$w01H03$936168
=653  \0$aprijs van viool$3525$020145710$w01H03$936199
=653  \0$aprima vista$3393$020145710$w01H03$936203
=653  \0$apsalterium$3190, 343$020145710$w01H03$936252
=653  \0$afortepiano$3588, 589, 712, 725$020145710$w01H03$931832
=653  \0$astemmen van muziekinstrument$3539$020145710$w01H03$936549
=653  \0$astemomvang$3759$020145710$w01H03$936561
=653  \0$aGalilei, G.$3500$020145710$w01H03$931981
=653  \0$aGalilei, V.$3500$020145710$w01H03$931982
=653  \0$agamba$3546$020145710$w01H03$931995
=653  \0$atekstuitspraak$3388$020145710$w01H03$936786
=653  \0$atemperatuur$3134?$020145710$w01H03$936807
=653  \0$atemperatuur$3688, 768$020145710$w01H03$936807
=653  \0$atempo$3395, 462, 530$020145710$w01H03$936814
=653  \0$agilde van de stadspijpers$373, 74, 78, 79, 99, 100, 101, 104, 105, 115, 116, 124, 125, 126, 127, 136, 174, 175, 411-436, 458, 482, 543, 544, 555, 556, 593, 594, 606-610, 614, 640, 641, 644, 655, 656, 657, 658, 719-724, 730, 731$020145710$w01H03$932190
=653  \0$atoevoegen van trillers etc$3355, 539$020145710$w01H03$936988
=653  \0$atombeau$3551, 648$020145710$w01H03$937003
=653  \0$atoucher$3134$020145710$w01H03$937044
=653  \0$atransponeren$339, 589$020145710$w01H03$937072
=653  \0$atranspositieklavier$3589$020145710$w01H03$937076
=653  \0$atrombone$3388, 405, 478, 541, 597, 619$020145710$w01H03$937186
=653  \0$atrompet$3ii, 73, 359, 409, 725, 761$020145710$w01H03$937194
=653  \0$aharp$311, 98, 228, 479, 496, 619, 704, 705, 706, 725$020145710$w01H03$932582
=653  \0$ahobo$3645, 709, 710$020145710$w01H03$932805
=653  \0$ahoorn$3617, 619, 622, 623, 636, 645$020145710$w01H03$932928
=653  \0$aVirdung, S.$3167, 189, 190, 191$020145710$w01H03$937625
=653  \0$aHullmandel, fam$3642, 704, 705$020145710$w01H03$932996
=653  \0$aVitry, Ph. de$386$020145710$w01H03$937646
=653  \0$ainterpretatie vroeger$3462$020145710$w01H03$933102
=653  \0$ainventaris$397, 98, 103, 244, 301, 354$020145710$w01H03$933115
=653  \0$aVulpius, M.$3390$020145710$w01H03$937819
=653  \0$avuurwerk$3471$020145710$w01H03$937821
=653  \0$ajongenssopraan$359, 117, 366, 385, 392, 4005, 493, 494, 551, 552, 560, 598, 604, 642, 668$020145710$w01H03$933241
=653  \0$aWendling, familie$3648, 649$020145710$w01H03$937922
=653  \0$aJosquin$3354$020145710$w01H03$933255
=653  \0$aKerll, J.K.$3574, 575, 577, 619$020145710$w01H03$933382
=653  \0$azangeres_in kerk$356$020145710$w01H03$938093
=653  \0$azangeres_in kerk$3561, 562, 719$020145710$w01H03$938093
=653  \0$azangers etc.$3176$020145710$w01H03$938099
=653  \0$aklarinet$3620, 725$020145710$w01H03$933442
=653  \0$aklavecimbel_Duitsland 16e eeuw$3244, 354$020145710$w01H03$933477
=653  \0$aklavecimbel_Frankrijk 18e eeuw$3725$020145710$w01H03$933487
=653  \0$aklavecimbel_prijs$3790?$020145710$w01H03$933509
=653  \0$aklavichord_prijs$3790?$020145710$w01H03$933588
=653  \0$aklavieromvang$3132, 134, 161$020145710$w01H03$933604
=653  \0$aReincken, J.A.$3612, 613$020145710$w01H03$938351
=653  \0$akoor/orkestopstelling$3357, 442, 548, 646, 670$020145710$w01H03$933679
=653  \0$akoorbezetting$3385, 493, 494, 560, 642, 665$020145710$w01H03$933680
=653  \0$akoraalbewerking_orgel en praktijk$3511$020145710$w01H03$933712
=653  \0$aRosier, C.$3617$020145710$w01H03$938563
=653  \0$aLasso, O. di $3342$020145710$w01H03$933916
=653  \0$aSaint-Huberty$3707, 708, 709$020145710$w01H03$938690
=653  \0$asalaris$3172, 187, 202, 216, 227, 233, 286, 330, 339, 340, 341, 361, 365, 396, 397, 404, 408, 466, 478, 480, 493, 494, 561, 564, 565, 574, 599, 622, 623, 627, 628, 642, 644, 649, 650, 654, 664, 665, 666-669, 670, 692, 697, 708, 726, 727, 730, 765, 774, 788$020145710$w01H03$938697
=653  \0$alesgeld$3340, 574, 604$020145710$w01H03$934067
=653  \0$aLippius, J.$3454, 455, 456$020145710$w01H03$934139
=653  \0$aLobwasser, A.$3353, 356, 373, 374, 407, 450, 461, 684$020145710$w01H03$934165
=653  \0$aSchein, J.H.$3489, 490, 496$020145710$w01H03$938827
=653  \0$aluit$398, 290, 319, 320, 321, 322, 324-327, 330, 332, 333, 341, 345, 352, 354, 368, 369, 372, 465, 466, 514, 515, 516, 524, 553, 561, 580, 725$020145710$w01H03$934262
=653  \0$ascordatura$3507?$020145710$w01H03$939028
=653  \0$aserpent$3494, 619, 642, 665, 725$020145710$w01H03$939067
=653  \0$aSilbermann, fam$3587-593, 597, 598, 599, 600, 602-605, 610, 621, 632, 633, 641, 642, 658, 660, 691, 692, 694, 789$020145710$w01H03$939115
=653  \0$aslagwerk$3506, 548, 619, 636$020145710$w01H03$939152
=653  \0$aMattheson, J.$3577$020145710$w01H03$934535
=653  \0$ameer benutten zelfde partituur$3290, 347, 357, 482$020145710$w01H03$934589
=653  \0$ameerkorigheid$3199, 470, 548$020145710$w01H03$934594
=653  \0$aMonteverdi, C.$3513$020145710$w01H03$934854
=653  \0$aMozart, W.A.$3690, 691$020145710$w01H03$934927
=653  \0$aMuffat, G.$3529-540$020145710$w01H03$934941
=653  \0$aMurschhauser, F.X.A.$3574-578$020145710$w01H03$934961
=653  \\$aAmmerbach, B.$3194, 195, 196, 230, 232$928660$020145710$w01H03
=653  \\$aBallestra, R.$3475, 476$929046$020145710$w01H03
=653  \\$abeschilderde orgelluiken$3134, 130, 131, 173, 288, 444$929489$020145710$w01H03
=653  \\$aBrosy$3730$929965$020145710$w01H03
=653  \\$aBuchner, J.$3186$930003$020145710$w01H03
=653  \\$acalcant (register)$3132, 162$930126$020145710$w01H03
=653  \\$aCazzati, G.$3513$930334$020145710$w01H03
=653  \\$aColmarer Liederhandschrift (München Codex 4997) $3256-266$930600$020145710$w01H03
=653  \\$acompositieduur$3569$930634$020145710$w01H03
=653  \\$aConradi, C.$3473$930670$020145710$w01H03
=653  \\$aCousser, J.S.$3549-551, 612$930817$020145710$w01H03
=653  \\$aDémotz$3572, 573$931003$020145710$w01H03
=653  \\$aDietrich, S.$3193, 194, 195, 230, 232, 233, 237$931073$020145710$w01H03
=653  \\$aDubois, L.$3652, 653$931256$020145710$w01H03
=653  \\$aEdelmann, J.F.$3701, 702, 725$931385$020145710$w01H03
=653  \\$aemotie$3320, 649$931444$020145710$w01H03
=653  \\$aErard, S.$3712, 713$931500$020145710$w01H03
=653  \\$aFaber, H.$3371$931579$020145710$w01H03
=653  \\$afagot$3405, 507, 508, 619, 620, 636, 667(sic)$931585$020145710$w01H03
=653  \\$aGarnier, fam.$3656, 657$932009$020145710$w01H03
=653  \\$aGreiter, M.$3247-252, 255$932379$020145710$w01H03
=653  \\$aGuignon, J.P.$3419$932479$020145710$w01H03
=653  \\$aGumpeltzhaimer, G.$3477, 515$932485$020145710$w01H03
=653  \\$aHändel, G.F._na dood$3759$932543$020145710$w01H03
=653  \\$aHarst, C.$3637, 638$932598$020145710$w01H03
=653  \\$aHaussmann, V.$3436$932625$020145710$w01H03
=653  \\$aHofhaimer, P.$3185, 186$932833$020145710$w01H03
=653  \\$ainterpretatiedwang van componist$3539, 567, 568$933107$020145710$w01H03
=653  \\$akabinetorgel_Frankrijk 18e eeuw$3605$933287$020145710$w01H03
=653  \\$akatholiek-protestant Straatsburg$3547, 548$933317$020145710$w01H03
=653  \\$aklavecimbelhuur$3666$933536$020145710$w01H03
=653  \\$aklavierkoppel$3132$933601$020145710$w01H03
=653  \\$aKotter, J.$3186, 192, 195, 196$933733$020145710$w01H03
=653  \\$aKraemer (orgelbouwer)$3716, 717$933739$020145710$w01H03
=653  \\$aLaurentius, E.$3484, 485, 486$933936$020145710$w01H03
=653  \\$aLully, J.B.$3529-540, 549, 565$934276$020145710$w01H03
=653  \\$aLuscinius, O.$3183, 185-196$934287$020145710$w01H03
=653  \\$amaathouden met de voet$3539$934325$020145710$w01H03
=653  \\$amandora$3516$934420$020145710$w01H03
=653  \\$aMarseillaise$3755-757$934487$020145710$w01H03
=653  \\$aMeistersinger$3268-284, 301, 361-363, 374-385, 401, 403, 404, 406, 443, 460, 467, 468, 477, 486, 498, 501, 510, 541, 581, 586, 661, 685, 692-694$923661$020145710$w01H03
=653  \\$aMercker, M.$3473, 474$934680$020145710$w01H03
=653  \\$amoeder en kind virginaal$3354?$934796$020145710$w01H03
=653  \\$amuziek doet ...$3371, 387, 509, 653$934999$020145710$w01H03
=653  \\$amuziek voor 2 -4 luiten$3516$935026$020145710$w01H03
=653  \\$amuziekles_indeling$3392, 598$935085$020145710$w01H03
=653  \\$aNewsidler, M.$3324-325, 354, 372$935218$020145710$w01H03
=653  \\$aoktaafspan$3134$935351$020145710$w01H03
=653  \\$aPaix, J.$3322, 358$935720$020145710$w01H03
=653  \\$aprijs van medewerking musicus / zanger(e)s$3493, 494, 559, 788$936180$020145710$w01H03
=653  \\$aquinterne$398$936311$020145710$w01H03
=653  \\$aRichter, F.X.$3657, 662-680, 691, 791$938430$020145710$w01H03
=653  \\$arieten_fagot$3725$938445$020145710$w01H03
=653  \\$arieten_hobo$3725$938446$020145710$w01H03
=653  \\$aSauer, C.$3732$938769$020145710$w01H03
=653  \\$aSchadaeus, A.$3452, 454, 456, 470, 480$938795$020145710$w01H03
=653  \\$aScherer, S.A.$3552, 553$938840$020145710$w01H03
=653  \\$aSchleud, J. of H. $3201, 202$938880$020145710$w01H03
=653  \\$aSchmid, B. & B.$3305, 318, 333-339, 359, 361, 395, 437-442$938891$020145710$w01H03
=653  \\$aSchoenfeld, J.P.$3686, 687$938921$020145710$w01H03
=653  \\$aschool en muziek$3392, 406, 598$938939$020145710$w01H03
=653  \\$asociale status van musicus / instr. bouwer$3492$936338$020145710$w01H03
=653  \\$asolmisatielettergrepen$3499$936345$020145710$w01H03
=653  \\$asolo-koorbezetting$3399, 558, 559$936348$020145710$w01H03
=653  \\$aSpielerey register$3344, 366, 367$936421$020145710$w01H03
=653  \\$aSteffani, A.$3599$936525$020145710$w01H03
=653  \\$aSteigleder, H.U.$3481, 488, 499$936532$020145710$w01H03
=653  \\$aStropel, V.$3514, 515, 516$936642$020145710$w01H03
=653  \\$atempo houden$3388$936820$020145710$w01H03
=653  \\$atemporelatie$3462$936838$020145710$w01H03
=653  \\$aviooltechniek$3538$937620$020145710$w01H03
=653  \\$aWalliser, C.T.$3309, 39399, 442, 449, 451, 452, 456, 458, 459, 460-463, 464, 466, 470, 478, 482-484, 488, 505, 507$937854$020145710$w01H03
=653  \\$aZabern, C. v.$3118, 119, 120, 121, 170, 204$938067$020145710$w01H03
=653  \\$azink$3388, 405, 478, 197, 541, 619$938157$020145710$w01H03
=942  \\$cBOO
=952  \\$00$10$2ddc$40$6KTS_1_000000000000000_C3_27_01H03$70$8RAR$9190$aORPH$bORPH$cKTS1_C3$d2020-07-08$eKoopman$oKTS1 C3.27 01H03$p20145710$r2021-01-12 00:00:00$w2021-01-12$yBOO
=999  \\$d190

