=LDR  01326acm a2200277   4500
=001  191
=008  211118q1800\\\\\\\g||||\||||\00|\0\ger\d
=041  \\$ager
=059  \\$avn
=100  \\$aMozart, Leopold$d1719-1787$4aut$1http://www.wikidata.org/entity/Q156280$912887
=245  \\$aNeue theoretische und practische Violin-Schule
=260  \\$aHamburg$bBöhme$c1800c
=300  \\$a29 pages
=500  \\$aSee 09I06 for the third edition, 15A16 for the 4th, 04K10 for the Dutch translation
=534  \\$aOriginally 'Versuch einer gründlichen Violinschule' (1756)
=590  \\$aEin zwekmässiger Auszug aus der grossen Violin Schule von Mozart
=648  \0$a18th Century (1701-1800)$1http://www.wikidata.org/entity/Q7015$920899
=650  \0$aMethod$1http://www.wikidata.org/entity/Q2250960$921402
=650  \0$aViolin$1http://www.wikidata.org/entity/Q8355$92783
=650  \0$aMusic education$1http://www.wikidata.org/entity/Q27908$921766
=651  \0$1http://www.wikidata.org/entity/Q1055$aHamburg (Germany)$921940
=700  \\$4aut$aSchiedermayr, J. B.$94957
=765  \\$aVersuch einer gründlichen Violinschule
=942  \\$cSCO
=952  \\$00$10$2ddc$40$6KTS_1_000000000000000_C3_27_01H04$70$8RAR$9191$aORPH$bORPH$cKTS1_C3$d2020-07-08$eKoopman$l0$oKTS1 C3.27 01H04$p20145719$r2021-01-12 00:00:00$w2021-01-12$yBOO
=999  \\$d191

