=LDR  01202aam a2200229   4500
=001  192
=008  211117s1788\\\\\\\g||||\||||\00|\0\ita\d
=041  \\$aita
=100  \\$aBelli, Lazaro Venanzio$4aut$94958
=245  \\$aDissertazione sopra li preggi del canto gregoriano
=260  \\$aFrascati$bSeminario vescovile Tuscolano$c1788
=300  \\$axvi-230-xxxii-[2] pages
=590  \\$aE la necessita che hanno gli Ecclesiastici di saperlo con le Regole Principali, e piu importanti per bene apprenderlo, lodevolmente pratticarlo, ed in esso ancora comporre
=648  \0$a18th Century (1701-1800)$1http://www.wikidata.org/entity/Q7015$920899
=650  \0$aPlainchant$1http://www.wikidata.org/entity/Q2707688$921363
=650  \0$aSinging$1http://www.wikidata.org/entity/Q27939$92767
=650  \0$aMethod$1http://www.wikidata.org/entity/Q2250960$921402
=650  \0$aMusic theory$1http://www.wikidata.org/entity/Q193544$92662
=856  \\$uhttps://books.google.it/books?id=eLEnELbnJ48C$3Google Books
=942  \\$cBOO
=952  \\$00$10$2ddc$40$6KTS_1_000000000000000_C3_27_01H06$70$8RAR$9192$aORPH$bORPH$cKTS1_C3$d2020-07-08$eKoopman$l0$oKTS1 C3.27 01H06$p20145721$r2021-01-12 00:00:00$w2021-01-12$yBOO
=999  \\$d192

