=LDR  01103acm a2200265   4500
=001  193
=005  20250923161048.0
=008  230824b\\\\\\\\|||||l||\||||\00|\0\eng\d
=041  \\$aeng
=059  \\$apf
=100  \\$aGiordani, Tommaso$d1730/33?-1806$4cmp$1http://www.wikidata.org/entity/Q718406$94959
=240  \\$aop. 4a, op. 6 & op. 24
=245  \\$aSix Sonatas for the Piano Forte
=260  \\$aLondon$bHarrison$bCluse & co$c17xx
=300  \\$a41-47-64 pages
=500  \\$aThree editions bound in
=500  \\$aop. 6 published as “Giuliani”
=648  \0$1http://www.wikidata.org/entity/Q7015$a18th Century (1701-1800)$920899
=650  \0$aInstrumental music$1http://www.wikidata.org/entity/Q639197$92106
=650  \0$aSonata$1http://www.wikidata.org/entity/Q131269$921653
=650  \0$aPiano$1http://www.wikidata.org/entity/Q5994$92127
=942  \\$cSCO
=952  \\$00$10$2ddc$40$6KTS_1_000000000000000_C3_27_01H05$70$8RAR$9193$aORPH$bORPH$cKTS1_C3$d2020-07-08$eKoopman$l0$oKTS1 C3.27 01H05$p20145720$r2021-01-12 00:00:00$w2021-01-12$ySCO
=999  \\$d193
=533  \\$aDigitized by iGuana, Spring 2025.

