=LDR  01758aam a2200277   4500
=001  195
=008  230824s1822\\\\||||||||\||||\00|\0\ger\d
=041  \\$ager$hlat
=100  \\$aVergilius$d70 BC-19 BC$4aut$1http://www.wikidata.org/entity/Q1398$94960
=245  \\$aDes Publius Virgilius Maro Werke$nvols. 1-3
=250  \\$a3rd ed.
=260  \\$aBraunschweig$bVieweg$c1822
=300  \\$a3 volumes in 1 (295-320-342-[2] pages)
=500  \\$aPublius Vergilius Maro (70-19 BC), usually called Virgil or Vergil, was an ancient Roman poet of the Augustan period. He composed three of the most famous poems in Latin literature: the Eclogues (or Bucolics), the Georgics, and the epic Aeneid. A number of minor poems, collected in the Appendix Vergiliana, were attributed to him in ancient times, but modern scholars consider his authorship of these poems to be dubious.
=561  \\$aEx libris Dr. P. Manicke (stamp)
=648  \0$1http://www.wikidata.org/entity/Q486761$aClassical Antiquity (8th Century BC-6th Century AD)$921435
=648  \0$1http://www.wikidata.org/entity/Q6955$a19th Century (1801-1900)$920935
=650  \0$aMythology$1http://www.wikidata.org/entity/Q9134$921600
=650  \0$aPoetry$1http://www.wikidata.org/entity/Q482$93026
=700  \\$1http://www.wikidata.org/entity/Q62188$4trl$4edt$aVoß, Johann Heinrich$d1751-1826$98990
=856  \\$uhttps://books.google.be/books?id=lXUOAAAAQAAJ$3vol. 1
=856  \\$uhttps://books.google.be/books?id=iXUOAAAAQAAJ$3vol. 2
=856  \\$uhttps://books.google.be/books?id=aXUOAAAAQAAJ$3vol. 3
=942  \\$cBOO
=952  \\$00$10$2ddc$40$6KTS_1_000000000000000_C3_28_01H09$70$8RAR$9195$aORPH$bORPH$cKTS1_C3$d2020-07-08$eKoopman$l0$oKTS1 C3.28 01H09$p20145723$r2021-01-12 00:00:00$w2021-01-12$yBOO
=999  \\$d195

