=LDR  00630atm a2200169   4500
=001  196
=008  210302b\\\\\\\\be\|||||\||||\00|\0\eng\d
=041  \\$ager
=100  \\$aSchnegula, Caroline Henriette$94962$4aut
=245  \\$aAengstlich's Sorgen der Menschen beweiset
=260  \\$aSaratoga$c1800
=300  \\$a24 pages
=500  \\$aExercises in calligraphy
=650  \0$aPrayer$1http://www.wikidata.org/entity/Q40953$921486
=942  \\$cMS
=952  \\$00$10$2ddc$40$6KTS_1_000000000000000_C3_28_01H08$70$8RAR$9196$aORPH$bORPH$cKTS1_C3$d2020-07-08$eKoopman$i01H08$l0$oKTS1 C3.28 01H08$p20135979$r2021-01-12 00:00:00$w2021-01-12$yRAR
=999  \\$d196

