=LDR  01236acm a2200241   4500
=001  197
=008  210308s1785\\\\be\||l||\||||\00|\0\ger\d
=041  \\$ager
=059  \\$av bc
=100  \\$aZinck, Bendix Friedrich$d1715-1799$4edt$1http://www.wikidata.org/entity/Q54885795$94963
=245  \\$aVollständige Sammlung der Melodien zu den Gesangen des neuen allgemeinen Schleswig-Holsteinschen Gesangbuchs
=260  \\$aLeipzig$bBreitkopf$c1785
=300  \\$a110 pages
=500  \\$aPencil calculus on back inner cover
=500  \\$aManuscript additions in pencil and ink: harmonic completions etc.
=561  \\$aEx libris D. [?] Sanne (manuscript); P. Authorsen (manuscript); H. I. Langholz (stamp (crossed out) & manuscript); P. I. Lichtwerk (stamp)
=648  \0$1http://www.wikidata.org/entity/Q7015$a18th Century (1701-1800)$920899
=650  \0$aReligion$1http://www.wikidata.org/entity/Q9174$93062
=650  \0$aSong$1http://www.wikidata.org/entity/Q7366$94164
=651  \0$1http://www.wikidata.org/entity/Q183$aGermany$9155
=942  \\$cSCO
=952  \\$00$10$2ddc$40$6KTS_1_000000000000000_C3_28_01H10$70$8RAR$9197$aORPH$bORPH$cKTS1_C3$d2020-07-08$eKoopman$l0$oKTS1 C3.28 01H10$p20135997$r2021-01-12 00:00:00$w2021-01-12$yRAR
=999  \\$d197

