=LDR  08312ada a2200697   4500
=001  199
=008  210302b\\\\\\\\be\||||||||||\00|\0\eng\d
=041  \\$aeng
=059  \\$ahpd
=059  \\$av
=100  \\$aLady Clive$dfl. 18th century$4col$924568
=245  \\$a[Miscellany of anthems, cantatas, songs, poems, music theory examples and vocal exercises]
=260  \\$aLondon [?]$cc. 1740-75 [?]
=300  \\$a224 pages
=500  \\$aPencil notes by Ton Koopman indicating composers' names here and there
=500  \\$aSee 08G28 for another volume dedicated to Lady Clive
=505  \\$gOn Easter Day -- Whole by a Heart. Cantata by Mr Stanley -- Bow down thine Ear / Mr. Isaac -- O Lord our Governour / Mr. Kent -- The Earth is the Lord's / Dr. Croft -- O Praise the Lord / Dr. Pepusch -- Arise O Lord / Mr. Hall -- Acquaint thy self with God / Dr. Greene -- The Symphony, to be play'd between the Verses of the following Hymn on the other page -- 57th Psalm -- The Lord, my Pasture / Mr. Addison -- music theory examples, keyboard etudes, and continuo exercises -- Tis not wealth, it is not birth -- further exercises -- When Delia on the plain -- music theory and vocal exercises (solfeggi on "Amen") -- Minuet -- solfeggi on "Amen" -- In vain you tell your parting lover -- Lady Egremont's Minuet -- A Spanish Minuet -- music theory -- Thy soft flowing avon -- A favourite Gavot in Corellis 3rd Concerto Mi dona mi rende -- Aria nel Mitridate: No so se sdegno amor / Terradellas -- Mrs. Wynckes Song: What means that tender sigh my Dear -- excerpts from Messiah / Handel -- idem, Transposed [illegible] E. Key [actually A Major] -- [gigue] -- Then free from sorrow from Samson / Handel -- Who'll buy a heart / Stanley -- Andante pour a / Hasse [in a different, copyist's hand] -- Minuet in the Royal Fire Works / Handel -- Minuet in the Sampson [sic] / Handel -- Minuet in Joseph / Handel -- Andante in Berenice / Handel -- Minuet in Scipio [Scipione] / Handel -- Minuet in Rodelinda -- Musette in Alcina / Handel -- Minuet in Arminius [Arminio] / Handel -- Allegro in Lotharius [Lotario] / Handel -- Andante in Alexander's Feast / Handel -- Minuet in Hercules / Handel -- Cantgo Ariata della pola: Osservate la Gallina [different hand] -- On ne peut jamais veiller de trop près gentille filette [from 'Isabelle et Gertrude ou Les Sylphes supposés] / Blaise -- So mild your looks yr Children thence [lyrics of the B part of "Ah! sure a pair was never seen", a song in 'The Duenna’] / Sheridan -- Shepherds I have lost my love / traditional Scottish -- Trip to the Camp / Mr. Shackray -- Sung by Mr. [Michael] Leoni in the Duenna: Ah sure a pair [the song whose B couplet is cited higher] / Linley -- Consider fond Shepherd [from Acis and Galatea] / Handel -- La partenza di Clori / Del Sigr. Mayo [Majo] -- Song in Artaserse: Infelice ah dove io vado / Giordano -- Oh had I all the flocks that graze [couplet from "The Banks of Banna"] / Irish traditional -- Before Jehovah. An Anthem -- Hail lovely shade [3-voice glee] -- Winde gentle evergreens / Dr. Hayes -- Lady Coventry's Minuet -- Foote's Minuet -- Aria by Wagenseil [without text] -- Minuet by Wagenseil -- Polonese by Agrell -- unspecified minuet -- Portugal Minuet -- Variat.ns y. 2. to the French Song see page y. 1st [Ah vous dirai-je, Maman] -- Aurettis Minuet / traditional --   Mary a Song: Thou hast rung away -- Minuet -- Cotillon: La Nouvelle Angloise -- March in Jud[as] Mac[cabeus] / Handel -- Variations to an Aria, by Wagenseil [unfinished excerpt] -- The frost nips the bud and the rose cannot blow [lyrics from Michael Arne's 'Cymon'] -- Sung by Mrs. Arne in Cymon: This bold flinty heart / Michael Arne -- Sung by Mrs. Arne in the Padlock: Say little foolish flut'ring thing / Thomas Arne -- Sung by Miss Brent in Love in A Village / Thomas Arne
=533  \\$aDigitized by iGuana, Spring 2022
=534  \\$aDomènec Terradellas' 'Mitridate' (libretto by Francesco Vanneschi) premiered in London in 1746; Thomas Arne's comic opera 'The Padlock' premiered in London, 1760; Thomas Arne's ballad opera 'Love in a Village' premiered in London, 1762; Benoît-Adolphe Blaise's 'Gertrude et Isabelle' premiered at the Comédie-Italienne in Paris in 1765; Michael Arne's dramatic romance 'Cymon' premiered in London, 1767; Tommaso Giordani's 'Artaserse' premiered at the King's Theatre, Haymarket, London, on 25 April 1772; Thomas Linley's 'The Duenna' premiered at Covent Garden, London, on 21 November 1775 -- All in the Downs the Fleet was moor'd -- blank pages -- 2 Verse to the little Plough Boy [lyrics] / traditional -- A flaxen headed cowboy -- Glee by Mr Mellish -- Sweet doth blush the rosy morning / by Harrington -- Psalm 148 -- Anacreon'ts Tomb / Dr. Hayes -- Chant by Dr. Allcock
=561  \\$aEx libris Lady Clive (supralibros)
=610  \0$aTheatre Royal, Haymarket (London, United Kingdom)$1http://www.wikidata.org/entity/Q540426$923268
=610  \0$aComédie-Italienne (Paris, France)$1http://www.wikidata.org/entity/Q1581237$922126
=648  \0$a18th Century (1701-1800)$1http://www.wikidata.org/entity/Q7015$920899
=650  \0$aCantata$1http://www.wikidata.org/entity/Q174873$921603
=650  \0$aAnthem$1http://www.wikidata.org/entity/Q541947$92161
=650  \0$aSong$1http://www.wikidata.org/entity/Q7366$94164
=650  \0$aOratorio$1http://www.wikidata.org/entity/Q85477$91825
=650  \0$aOpera$1http://www.wikidata.org/entity/Q1344$92468
=650  \0$aBasso continuo$1http://www.wikidata.org/entity/Q724321$921065
=650  \0$aMinuet$1http://www.wikidata.org/entity/Q205734$93918
=650  \0$aGlee$1http://www.wikidata.org/entity/Q663979$924571
=650  \0$aPolonaise$1http://www.wikidata.org/entity/Q203478$922923
=650  \0$aEducation$926206
=650  \0$aPoetry$1http://www.wikidata.org/entity/Q482$93026
=651  \0$aUnited Kingdom$1http://www.wikidata.org/entity/Q21$9273
=700  \\$aStanley, John$d1712-1786$4cmp$1http://www.wikidata.org/entity/Q726286$94965
=700  \\$aKent, James$d1700-1776$4cmp$920872
=700  \\$aCroft, William$d1678-1727$4cmp$1http://www.wikidata.org/entity/Q1236164$920871
=700  \\$aPepusch, John Christopher$d1667-1752$4cmp$1http://www.wikidata.org/entity/Q371825$94968
=700  \\$aGreene, Maurice$d1696-1755$4cmp$1http://www.wikidata.org/entity/Q615819$96113
=700  \\$aCorelli, Arcangelo$d1653-1713$4cmp$1http://www.wikidata.org/entity/Q164475$95351
=700  \\$aTerradellas, Domènec$d1713-1751$4cmp$1http://www.wikidata.org/entity/Q960294$98182
=700  \\$aHasse, Johann Adolf$d1699-1783$1http://www.wikidata.org/entity/Q164732$94966
=700  \\$aHandel, George Frideric$d1685-1759$4cmp$1http://www.wikidata.org/entity/Q7302$94765
=700  \\$aBlaise, Adolphe Benoît$d?-1772$4cmp$1http://www.wikidata.org/entity/Q2824775$97005
=700  \\$aLinley, Thomas$d1733-1795$4cmp$1http://www.wikidata.org/entity/Q339929$924570
=700  \\$aMajo, Gian Francesco de$d1732-1770$4cmp$1http://www.wikidata.org/entity/Q721351$97983
=700  \\$aGiordani, Tommaso$d1730/33?-1806$4cmp$1http://www.wikidata.org/entity/Q718406$94959
=700  \\$aAgrell, Johan$d1701-1765$4cmp$1http://www.wikidata.org/entity/Q961575$920873
=700  \\$aHayes, Philip$d1738-1797$4cmp$1http://www.wikidata.org/entity/Q1450309$94967
=700  \\$94969$aWagenseil, Georg Christoph$4cmp
=700  \\$aArne, Michael$d1740/41-1786$4cmp$1http://www.wikidata.org/entity/Q2059553$924574
=700  \\$aArne, Thomas$d1710-1778$4cmp$1http://www.wikidata.org/entity/Q309709$94749
=700  \\$aVanneschi, Francesco$d?-1759$4lbt$1http://www.wikidata.org/entity/Q17354956$924569
=700  \\$aFavart, Charles-Simon$d1710-1792$4lbt$1http://www.wikidata.org/entity/Q981902$95423
=700  \\$aSheridan, Richard Brinsley$d1751-1816$4lbt$1http://www.wikidata.org/entity/Q352725$95632
=856  \\$uhttps://uv-v4.netlify.app/#?manifest=https://sharedcanvas.be/IIIF/manifests/15a5ec20-497d-11ed-8eb8-ed9af4771060$3IIIF
=856  \\$uhttps://sharedcanvas.be/IIIF/manifests/15a5ec20-497d-11ed-8eb8-ed9af4771060$3IIIF manifest
=942  \\$cMS
=952  \\$00$10$2ddc$40$6KTS_1_000000000000000_C3_28_01H11$70$8RAR$9199$aORPH$bORPH$cKTS1_C3$d2020-07-08$eKoopman$oKTS1 C3.28 01H11$p20136026$r2021-01-12 00:00:00$w2021-01-12$yMS
=999  \\$d199

