=LDR  01246aam a2200253   4500
=001  200
=008  230824s1895\\\\|||af|||\||||\00|\0\fre\d
=041  \\$afre
=059  \\$aorg
=100  \\$aCavaillé-Coll, Aristide$d1811-1899$4aut$1http://www.wikidata.org/entity/Q356502$94970
=245  \\$aÉtudes expérimentales sur les tuyaux d'orgues
=260  \\$aParis$bPlon$bNourrit$c1895
=300  \\$a37-6-[15] pages
=500  \\$aOriginally presented before the Académie des sciences on 24 February 1840
=501  \\$abound in with a 'Note' and a 'Disposition des claviers du grand orgue de Notre-Dame de Paris'
=561  \\$aEx libris Jean Giraud (manuscript)
=648  \0$1http://www.wikidata.org/entity/Q6955$a19th Century (1801-1900)$920935
=650  \0$aOrganology$1http://www.wikidata.org/entity/Q899293$921400
=650  \0$aArtistic research$1http://www.wikidata.org/entity/Q20827087$921804
=650  \0$aOrgan pipe$1http://www.wikidata.org/entity/Q1510738$93292
=651  \0$1http://www.wikidata.org/entity/Q90$aParis (France)$9160
=942  \\$cBOO
=952  \\$00$10$2ddc$40$6KTS_1_000000000000000_C3_28_01H13$70$8RAR$9200$aORPH$bORPH$cKTS1_C3$d2020-07-08$eKoopman$l0$oKTS1 C3.28 01H13$p20145725$r2021-01-12 00:00:00$w2021-01-12$yBOO
=999  \\$d200

