=LDR  08574aam a2201657   4500
=001  202
=008  220425s1801\\\\|||afg||\||||\00|\0\ger\d
=041  \\$ager
=100  \\$aKlein, Johann Joseph$d1740-1823$4aut$1http://www.wikidata.org/entity/Q60845397$94973
=245  \\$aLehrbuch der theoretischen Musick in systematischer Ordnung
=260  \\$aOffenbach am Main$bAndré$c1801
=300  \\$a200-[1] pages$b2 regular & 8 folded sheets inserted
=500  \\$aContains a (very late, the very last?) grip chart for cornett
=500  \\$aKlein was organist at the Stadtkirche in Eisenberg, besides being a lawyer
=648  \0$a19th Century (1801-1900)$1http://www.wikidata.org/entity/Q6955$920935
=650  \0$aMusic theory$1http://www.wikidata.org/entity/Q193544$92662
=650  \0$aTemperament$1http://www.wikidata.org/entity/Q55073971$921656
=650  \0$aOrganology$1http://www.wikidata.org/entity/Q899293$921400
=651  \0$aGermany$1http://www.wikidata.org/entity/Q183$9155
=653  \0$a16 voet op klavecimbel$3145$020145727$w01H16$928360
=653  \0$aa =$380, 112, 179, 180, 186$020145727$w01H16$928388
=653  \0$aademhalen$386, 91, 92, 100$020145727$w01H16$928491
=653  \0$aAgricola$34$020145727$w01H16$928531
=653  \0$aakoestiek$3vi, 17-33$020145727$w01H16$928552
=653  \0$aaltviool$3128$020145727$w01H16$928631
=653  \0$aamateur$3xi, xii$020145727$w01H16$928640
=653  \0$aartikulatie$389-91$020145727$w01H16$928817
=653  \0$aBach, C.P.E.$35, 180$020145727$w01H16$928902
=653  \0$aBach, J.Chr.$3ix?$020145727$w01H16$928919
=653  \0$aBach, J.N.$3145$020145727$w01H16$928928
=653  \0$aBach, J.S.$3ix?$020145727$w01H16$928929
=653  \0$aBaron, E.G.$35$020145727$w01H16$929096
=653  \0$abaryton$3131$020145727$w01H16$929127
=653  \0$abassethoorn$3111$020145727$w01H16$929159
=653  \0$abasso continuo$312$020145727$w01H16$929163
=653  \0$aboekprijs$3tp, 8$020145727$w01H16$929701
=653  \0$aBogenflügel$3148$020145727$w01H16$929721
=653  \0$abeiaard$3115, 149$020145727$w01H16$929377
=653  \0$abespelen van meer instrumenten$3x, 12$020145727$w01H16$929496
=653  \0$acastraten$395$020145727$w01H16$930282
=653  \0$acello$35, 6, 129$020145727$w01H16$930344
=653  \0$acither$3120, 121$020145727$w01H16$930492
=653  \0$aorgel$3150-188$020145727$w01H16$935465
=653  \0$aoud-nieuw$3vi$020145727$w01H16$935651
=653  \0$aoude muziek vroeger$3ix$020145727$w01H16$935658
=653  \0$apedaalklavichord$3139, 140$020145727$w01H16$935822
=653  \0$apedaalklavier$3132$020145727$w01H16$935823
=653  \0$apianoforte$3132-136, 140-142$020145727$w01H16$935944
=653  \0$adwarsfluit$35, 108, 109, Tab.IV, Tab.VI, Tab.VII$020145727$w01H16$931340
=653  \0$aecho effect$323$020145727$w01H16$931371
=653  \0$aemoties$36, 7, 14, 15$020145727$w01H16$931445
=653  \0$afagot$3112, Tab.viii$020145727$w01H16$931585
=653  \0$aprima vista$315$020145727$w01H16$936203
=653  \0$aPrintz, W.C.$38$020145727$w01H16$936212
=653  \0$apsalterium$397, 119, 120$020145727$w01H16$936252
=653  \0$aQuantz, J.J.$35$020145727$w01H16$936296
=653  \0$aflageolet$3107, Tab.VI$020145727$w01H16$931739
=653  \0$aSorge, J.A.$3v, 161, 162$020145727$w01H16$936379
=653  \0$aForkel, J.N.$3vi, 8, 9$020145727$w01H16$931822
=653  \0$astemmutatie$395$020145727$w01H16$936560
=653  \0$astemomvang$387, 88$020145727$w01H16$936561
=653  \0$aSulzer$3vi, 9$020145727$w01H16$936672
=653  \0$agamba$3128, 129, 131$020145727$w01H16$931995
=653  \0$atekstuitspraak$393$020145727$w01H16$936786
=653  \0$aGerber, E.L.$38$020145727$w01H16$932128
=653  \0$atemperatuur$3v, vii, 2, 33-68, 68-82, 138, 179, 180, 186$020145727$w01H16$936807
=653  \0$agesticuleren$393$020145727$w01H16$932158
=653  \0$aglasharmonica$35, 115, 116$020145727$w01H16$932219
=653  \0$atoonaardkarakteristieken$3180$020145727$w01H16$937026
=653  \0$aTosi$34$020145727$w01H16$937039
=653  \0$atoucher$3161$020145727$w01H16$937044
=653  \0$atransponeren$3179, 180$020145727$w01H16$937072
=653  \0$atranspositieklavier$3145, 180$020145727$w01H16$937076
=653  \0$atremulant$3173$020145727$w01H16$937097
=653  \0$atrombone$3103, 104 + 2 bijlagen, 106$020145727$w01H16$937186
=653  \0$aTromlitz, J.G.$35$020145727$w01H16$937189
=653  \0$atrompet$399-101$020145727$w01H16$937194
=653  \0$atrompetsordine$3100$020145727$w01H16$937199
=653  \0$aharp$398, 120, 121, 122$020145727$w01H16$932582
=653  \0$aHiller$3v, viii, ix, 4$020145727$w01H16$932778
=653  \0$ahobo$3110, Tab.VI$020145727$w01H16$932805
=653  \0$aviola d'amore$3130, 131$020145727$w01H16$937580
=653  \0$aHomilius$3ix$020145727$w01H16$932877
=653  \0$aviolone$3129, 179$020145727$w01H16$937600
=653  \0$aviool$3125-128$020145727$w01H16$937605
=653  \0$aimprovisatie$33, 13, 14, 15$020145727$w01H16$933059
=653  \0$ainterpretatie vroeger$314, 15, 16$020145727$w01H16$933102
=653  \0$aitaliaanse invloed in Duitsland$314$020145727$w01H16$933140
=653  \0$akamertoonregister op koortoonorgel$3180$020145727$w01H16$933298
=653  \0$azang_als voorbeeld$311, 12$020145727$w01H16$938080
=653  \0$aklarinet$3110, 111, Tab.viii$020145727$w01H16$933442
=653  \0$azink$3105, Tab.iv$020145727$w01H16$938157
=653  \0$azuiverheid$392$020145727$w01H16$938176
=653  \0$aklavichord_19e eeuw$3137-140, 142$020145727$w01H16$933564
=653  \0$aReichardt, J .F.$39$020145727$w01H16$938336
=653  \0$aKnecht, J.H.$35$020145727$w01H16$933641
=653  \0$akwaliteit van uitvoering$3ix$020145727$w01H16$933816
=653  \0$alautenwerk$3145$020145727$w01H16$933940
=653  \0$aLeipzig Thomasschule$3viii, ix$020145727$w01H16$934006
=653  \0$aLöhlein, S.$35$020145727$w01H16$934187
=653  \0$aluit$35, 98, 123, 124$020145727$w01H16$934262
=653  \0$aserpent$3112$020145727$w01H16$939067
=653  \0$aslagwerk$3131, 132$020145727$w01H16$939152
=653  \0$asnaren_klavecimbel$3117, 118, 141, 146, 148$020145727$w01H16$939196
=653  \0$asnaren_strijkinstrumenten$3118, 127, 129, 130$020145727$w01H16$939201
=653  \0$aMarpurg, F.W.$3v, 8$020145727$w01H16$934483
=653  \0$aMozart, L.$35$020145727$w01H16$934924
=653  \\$ablokfluit$3106, 107, Tab.V$929645$020145727$w01H16
=653  \\$aChladi, D.$3v, 20, 116$930441$020145727$w01H16
=653  \\$aCramer, C.F.$39$930831$020145727$w01H16
=653  \\$aDenner, J.C.$3111$931012$020145727$w01H16
=653  \\$aEisel$3v, vi$931413$020145727$w01H16
=653  \\$aeuphon$3116$931550$020145727$w01H16
=653  \\$afalset$388, 89$931595$020145727$w01H16
=653  \\$afantasia$33$931604$020145727$w01H16
=653  \\$aGeigenwerk$3148$932083$020145727$w01H16
=653  \\$ahoboriet$3110$932814$020145727$w01H16
=653  \\$ahoorn$3101, 102, 103$932928$020145727$w01H16
=653  \\$ahoorn en sordine$3103, 105$932929$020145727$w01H16
=653  \\$aklavecimbel_19e eeuw$3143, 144$933473$020145727$w01H16
=653  \\$aklavierharmonica$3149, 150$933599$020145727$w01H16
=653  \\$aklokkenspelregister op orgel$3115, 149, 173$933633$020145727$w01H16
=653  \\$amandoline$3124$934419$020145727$w01H16
=653  \\$amandora$3124$934420$020145727$w01H16
=653  \\$amonopool van orgelbouwer$3174$934829$020145727$w01H16
=653  \\$amuziekkritiek$39$935083$020145727$w01H16
=653  \\$aorphica$3145, 146, 147$935626$020145727$w01H16
=653  \\$aPetri, J.S.$36$935895$020145727$w01H16
=653  \\$apiano-klavecimbel : één instrument$3146$935941$020145727$w01H16
=653  \\$aspielerey register op orgel$3173, 174$936422$020145727$w01H16
=653  \\$astahspiel$3114, 149$936495$020145727$w01H16
=653  \\$aStainer, J.$3127$936497$020145727$w01H16
=653  \\$aTil, S. van$38$936936$020145727$w01H16
=653  \\$atromba da tirarsi$3104$937182$020145727$w01H16
=653  \\$avolume$3143, 144$937724$020145727$w01H16
=653  \\$avoorwaarden voor musicus$310, 11$937764$020145727$w01H16
=653  \\$aWagner, Gebr. $3160$937838$020145727$w01H16
=856  \\$uhttps://archive.org/details/bub_gb_dCFcAAAAcAAJ$3Internet Archive
=942  \\$cBOO
=952  \\$00$10$2ddc$40$6KTS_1_000000000000000_C3_28_01H16$70$8RAR$9202$aORPH$bORPH$cKTS1_C3$d2020-07-08$eKoopman$oKTS1 C3.28 01H16$p20145727$r2021-01-12 00:00:00$w2021-01-12$yBOO
=999  \\$d202

