=LDR  01931aam a2200277   4500
=001  205
=008  230828s1739\\\\|||af|||\||||\00|\0\ger\d
=041  \\$ager
=245  \\$aChristliches Concordien-Buch
=260  \\$aLeipzig$bs.n.$c1739
=300  \\$bengraved frontispiece, title page in red and black ink$a[iv]-984-[96]-[xv]-160-[8]-xxviii-[1] pages
=500  \\$aContains "the most common symbolic writings of the Evangelical Lutheran Church"
=500  \\$aPipping's 'Historisch-theologische Einleitung...' is dated 1703 (Leipzig: Gleditsch)
=563  \\$aBound in brown leather
=590  \\$adas ist, Der evangelisch-lutherischen Kirche sämmtliche gewöhnlichste symbolische Schrifften: worinnen enthalten sind die drey Haupt-Symbola, die ungeänderte Augspurgische Confession, derselben Apologie, die Schmalkalischen Artikel, D. Luthers kleiner und grosser Catechismus, die Formula Concordiae und endlich die Visitations-Artikel : nebst des seligen D. Heinrich Pippings Historisch-theologischen Einleitung zu diesen symbolischen Büchern : anitzo aufs neue ausgefertiget, mit denen vorigen Ausgaben sorgfältig zusammen gehalten, und mit nöthigen Registern und Schluss-Rede begleitet
=648  \0$1http://www.wikidata.org/entity/Q7015$a18th Century (1701-1800)$920899
=650  \0$aLutheranism$1http://www.wikidata.org/entity/Q75809$923975
=650  \1$aCatechism$1http://www.wikidata.org/entity/Q189279$923882
=650  \0$aTheology$1http://www.wikidata.org/entity/Q34178$93009
=651  \0$1http://www.wikidata.org/entity/Q2079$aLeipzig (Germany)$945
=700  \\$4win$aPipping, Heinrich$94978
=700  \\$4aft$94977$aWeiß, Christian
=856  \\$uhttps://books.google.be/books?id=PUpBAAAAcAAJ$3Google Books
=942  \\$cBOO
=952  \\$00$10$2ddc$40$6KTS_1_000000000000000_C3_28_01H19$70$8RAR$9205$aORPH$bORPH$cKTS1_C3$d2020-07-08$eKoopman$l0$oKTS1 C3.28 01H19$p20145731$r2021-01-12 00:00:00$w2021-01-12$yBOO
=999  \\$d205

