=LDR  01490aam a2200241   4500
=001  207
=008  230828s1724\\\\|||f||||\||||\00|\0\lat\d
=041  \\$alat
=100  \\$aSommerus, F. W.$4aut$94979
=245  \\$aTabulæ genealogicæ Ducum Superioris et Inferioris Silesiæ ab initio sæculi XIII ad præsens usque XVIII
=260  \\$aBratislava$bHubertus$c1724
=300  \\$a[vi]-128 pages$b19 folded sheets inserted, title page in red and black ink
=500  \\$aGenealogical tables of the Dukes of Upper and Lower Silesia from the beginning of the 13th to the 16th century
=500  \\$aSilesia is a historical region of Central Europe that lies mostly within Poland, with small parts in the Czech Republic and Germany.
=561  \\$aEx libris Johann Matthias Gesner (1691-1761), rector of the Thomasschule from 1730 to 1734, hence in the era of J. S. Bach, with whom he was befriended (manuscript) & Adami de Lewenhaupt (plate)
=648  \0$1http://www.wikidata.org/entity/Q7015$a18th Century (1701-1800)$920899
=650  \0$aHistory$1http://www.wikidata.org/entity/Q309$921403
=650  \0$aPolitics$1http://www.wikidata.org/entity/Q7163$921826
=650  \0$aGenealogy$1http://www.wikidata.org/entity/Q47307$921635
=651  \0$1http://www.wikidata.org/entity/Q36$aPoland$996
=942  \\$cBOO
=952  \\$00$10$2ddc$40$6KTS_1_000000000000000_C3_28_01H18$70$8RAR$9207$aORPH$bORPH$cKTS1_C3$d2020-07-08$eKoopman$l0$oKTS1 C3.28 01H18$p20145730$r2021-01-12 00:00:00$w2021-01-12$yBOO
=999  \\$d207

