=LDR  01752aam a2200229   4500
=001  208
=008  220218s1738\\\\|||af|||\||||\00|\0\dut\d
=041  \\$adut
=245  \\$aBiblia, dat is de gantsche H. Schrifture
=260  \\$aDordrecht$bKeur$c1738
=300  \\$a[xi]-325-[i]-120-[i]-140 folios$bengraved plates inserted
=500  \\$aEngravings on the title page and at pages 1, 3, 4, 6, 10, 11, 15, 33, 35, 38, 48, 51, 52, 57, 82, 179, 180, 242
=501  \\$aBound in with 'De CL Psalmen des Propheten Davids' (1739; engraved harp on the title-page), 'De Prophetien der Propheten', the New Testament (Dordrecht, 1739; engravings on the title-page and at pages 1, 2, 3, 6, 7, 9, 10, 12, 13, 15, 16, 19, 30, 31, 35, 42, 46, 47, 51, 53, 60, 61, 68, 70, 71, 78, 80) and a catechism
=590  \\$avervattende alle de canonijcke Boecken des Ouden en des Nieuwen Testaments. Door Last der Hoogh Mog: Heeren Staten Generael van de Vereenighde Nederlanden, en volgens het besluyt van de Synode Nationael, gehouden tot Dordrecht in de Jaren 1618 ende 1619. Uyt de Oorspronckelicke talen in onse Nederlandsche tale getrouwelick overgeset. Ende door gemeene ordre der Kercken van Druck-fouten verbetert.
=648  \0$1http://www.wikidata.org/entity/Q7015$a18th Century (1701-1800)$920899
=650  \0$aReligion$1http://www.wikidata.org/entity/Q9174$93062
=650  \0$aBible$1http://www.wikidata.org/entity/Q1845$921581
=650  \0$aPsalm$1http://www.wikidata.org/entity/Q12497663$92164
=651  \0$1http://www.wikidata.org/entity/Q55$aNetherlands$9173
=942  \\$cBOO
=952  \\$00$10$2ddc$40$6KTS_1_000000000000000_C3_28_01H20A$70$8RAR$9208$aORPH$bORPH$cKTS1_C3$d2020-07-08$eKoopman$oKTS1 C3.28 01H20a$p20145732a$r2021-01-12 00:00:00$w2021-01-12$yBOO
=999  \\$d208

