=LDR  01498aca a2200277   4500
=001  209
=005  20250923161048.0
=008  220218s1739\\\\|||||kf|\||||\00|\0\dut\d
=041  \\$adut
=059  \\$av
=100  \\$aLeeuw, Cornelis de$d1613-1664/65$4cmp$1http://www.wikidata.org/entity/Q2118030$94981
=245  \\$aDe CL Psalmen des Propheten Davids
=260  \\$aDordrecht$bKeur$c1739
=300  \\$a[154]-46 pages
=501  \\$aBound in with 'Biblia, dat is de gantsche H. Schrifture..' (1738)
=590  \\$aEn eenige andere Lofsangen: Uyt den Françoischen in Nederlantschen Dichte overgeset door Petrum Dathenum; en tot gemack des Sangers op eenen Sleutel gestelt, door Cornelus de Leeuw. Mitsgaders De Christelicke Catechismus / Formulieren en Gebeden der Gereformeerde Kercke
=648  \0$a18th Century (1701-1800)$1http://www.wikidata.org/entity/Q7015$920899
=650  \0$aCalvinism$1http://www.wikidata.org/entity/Q101849$923719
=650  \0$aPsalm$1http://www.wikidata.org/entity/Q12497663$92164
=650  \0$aVocal music$1http://www.wikidata.org/entity/Q685884$93319
=651  \0$aNetherlands$1http://www.wikidata.org/entity/Q55$9173
=700  \\$4trl$aDathenus, Petrus$d1531-1588$1http://www.wikidata.org/entity/Q325530$95997
=942  \\$cSCO
=952  \\$00$10$2ddc$40$6KTS_1_000000000000000_C3_28_01H20B$70$8RAR$9209$aORPH$bORPH$cKTS1_C3$d2020-07-08$eKoopman$oKTS1 C3.28 01H20b$p20145732b$r2021-01-12 00:00:00$w2021-01-12$ySCO
=999  \\$d209
=533  \\$aDigitized by iGuana, Spring 2025.

