=LDR  32168aam a2205941   4500
=001  210
=003  OI
=005  20250821154321.0
=008  210208s1792\\\\\\\|||||\||||\00|\0\ger\d
=040  \\$cOI
=041  \\$ager
=100  \\$aForkel, Johann Nikolaus$d1749-1818$4aut$1http://www.wikidata.org/entity/Q57922$99221
=245  \\$aAllgemeine Litteratur der Musik$boder Anleitung zur Kenntniss musikalischer Bücher
=250  \\$a1st ed.
=260  \\$aLeipzig$bSchwickert$c1792
=300  \\$axxiv-540 pages
=648  \0$a18th Century (1701-1800)$1http://www.wikidata.org/entity/Q7015$920899
=650  \0$aMusic history$1http://www.wikidata.org/entity/Q846047$921373
=650  \0$aBibliography$1http://www.wikidata.org/entity/Q134995$93965
=653  \0$aAaron, P.$3295, 296, 434, 470, 485$020136322$w02A01$928410
=653  \0$aAbbé Vogler$3479, 485$020136322$w02A01$928417
=653  \0$aAbel$3475$020136322$w02A01$928420
=653  \0$aad lib. bezetting$3358$020136322$w02A01$928471
=653  \0$aAdami, A.$3184, 185, 202$020136322$w02A01$928482
=653  \0$aademhalen$3236$020136322$w02A01$928491
=653  \0$aAdlung, J.$3188, 190, 198, 258, 259, 340$020136322$w02A01$928498
=653  \0$aAggazari$3350$020136322$w02A01$928519
=653  \0$aAgricola, J.F.$3167, 189, 312, 478$020136322$w02A01$928534
=653  \0$aAgricola, M.$3298, 303, 304, 317$020136322$w02A01$928537
=653  \0$aAhle, J.G.$34, 307, 425$020136322$w02A01$928541
=653  \0$aakoestiek$375, 227-234, 238-242$020136322$w02A01$928552
=653  \0$aAlbert, H.$3486$020136322$w02A01$928558
=653  \0$aAlbrecht, J.L.$3188$020136322$w02A01$928567
=653  \0$aalchemie$311$020136322$w02A01$928573
=653  \0$aAldrich, H.$3486, 487$020136322$w02A01$928582
=653  \0$aaltviool$3448$020136322$w02A01$928631
=653  \0$aAmersfoort collegium musicum$35$020136322$w02A01$928657
=653  \0$aAmiot$333$020136322$w02A01$928658
=653  \0$aArcadelt$3281$020136322$w02A01$928751
=653  \0$aArteaga, S.$3162, 163$020136322$w02A01$928811
=653  \0$aArtusi, G.M.$3434, 435, 509$020136322$w02A01$928830
=653  \0$aArtusi, J.M.$395, 96, 476$020136322$w02A01$928831
=653  \0$aAugustinus$364, 65$020136322$w02A01$928871
=653  \0$aAvison, C.$3458$020136322$w02A01$928885
=653  \0$aBach, C.P.E.$3vii, 195, 326, 327, 329, 358, 437, 475$020136322$w02A01$928902
=653  \0$aBach, J.S.$3186, 190, 195, 475, 477$020136322$w02A01$928929
=653  \0$abibliotheek$3vi, xi, xii, 443$020136322$w02A01$929548
=653  \0$aBan, A.$315, 503$020136322$w02A01$929060
=653  \0$aBanchieri, A.$3299$020136322$w02A01$929063
=653  \0$aBardi, G.$312, 95, 96, 480$020136322$w02A01$929083
=653  \0$aBlanchet$3312, 313$020136322$w02A01$929612
=653  \0$aBlankenburg$3x, 150, 355$020136322$w02A01$929616
=653  \0$ablokfluit$3321$020136322$w02A01$929645
=653  \0$abasso continuo$3319, 349-360, 361, 362, 430, 451, 487, 488, 504$020136322$w02A01$929163
=653  \0$abasso continuo op harp$3319$020136322$w02A01$929172
=653  \0$aBatteux$3451-453, 474$020136322$w02A01$929220
=653  \0$aBonanni, F.$384, 85$020136322$w02A01$929748
=653  \0$aBonnet$319, 20$020136322$w02A01$929751
=653  \0$abeiaard$3334$020136322$w02A01$929377
=653  \0$aBononcini, G.M.$3424, 425$020136322$w02A01$929760
=653  \0$aBontempi$319$020136322$w02A01$929764
=653  \0$aBenda, F.$3190, 193, 506$020136322$w02A01$929410
=653  \0$aBorde, de la$3xii, 28-30, 48-50, 83, 84, 127, 264, 357, 444$020136322$w02A01$929781
=653  \0$aBérard$3312, 313$020136322$w02A01$929431
=653  \0$aBerardi, A.$3436, 437$020136322$w02A01$929433
=653  \0$aBrossard$3xi, xii, 197, 216, 217, 218, 272$020136322$w02A01$929959
=653  \0$aBurmannus, F.$3154, 353$020136322$w02A01$930054
=653  \0$aBurney, C.$3v, vi, xii, 27, 28, 127, 128, 131, 182, 194, 199, 448, 475$020136322$w02A01$930058
=653  \0$aCaccini, G.$396$020136322$w02A01$930101
=653  \0$aCalvisius, S.$314, 15, 183, 184, 269, 420$020136322$w02A01$930145
=653  \0$aCampion, T.$3437$020136322$w02A01$930170
=653  \0$aCannabich$3475$020136322$w02A01$930181
=653  \0$aCarissimi, G.$3310, 311$020136322$w02A01$930244
=653  \0$aCastel, Père$3230, 264, 452, 477$020136322$w02A01$930276
=653  \0$acastraten$3175, 193$020136322$w02A01$930282
=653  \0$acello$3322, 326$020136322$w02A01$930344
=653  \0$aCepède, de la $3440$020136322$w02A01$930364
=653  \0$aCerone$3x, xi, 387-404$020136322$w02A01$930370
=653  \0$aChastellux$3461$020136322$w02A01$930413
=653  \0$amuziek_en geneeskunde$311-14, 44$020136322$w02A01$935041
=653  \0$amuziek_in eredienst$3140-152, 155-158$020136322$w02A01$935051
=653  \0$amuziek_in middeleeuwen$3notice 1-27$020136322$w02A01$935053
=653  \0$amuziek_in Oudheid$330-100$020136322$w02A01$935056
=653  \0$amuziekautomaten$3266, 267$020136322$w02A01$935067
=653  \0$amuziekdruk$3273, 277, 287$020136322$w02A01$935070
=653  \0$aclavecin oculaire$3264$020136322$w02A01$930518
=653  \0$aClerambault$3188$020136322$w02A01$930544
=653  \0$aNassarre, P. $3223$020136322$w02A01$935154
=653  \0$anederlandse muziektraktaten$3x, 148, 150, 151, 201, 268, 274, 287, 291-294, 313, 328, 331, 333, 341, 356, 359, 462, 463, 479, 494$020136322$w02A01$935185
=653  \0$aNeidhardt, J.G.$3143, 251, 254, 255$020136322$w02A01$935196
=653  \0$aNeumeister$3157$020136322$w02A01$935210
=653  \0$aNewton, I.$3250$020136322$w02A01$935220
=653  \0$aNichelmann, C.$3187, 445, 446, 482$020136322$w02A01$935222
=653  \0$acomponiste$3190, 313$020136322$w02A01$930632
=653  \0$acompositieloon$3483$020136322$w02A01$930641
=653  \0$aNorth, R.$3498$020136322$w02A01$935280
=653  \0$aObrecht$3281$020136322$w02A01$935318
=653  \0$aOckeghem$3281$020136322$w02A01$935321
=653  \0$acontrabas$3318, 336$020136322$w02A01$930692
=653  \0$aCorelli, A.$3194$020136322$w02A01$930736
=653  \0$aorganist$3201, 332-334$020136322$w02A01$935454
=653  \0$aCouperin, fam$3188, 290, 354, 356$020136322$w02A01$930795
=653  \0$aCramer$3470, 475$020136322$w02A01$930830
=653  \0$aorgel_in eredienst$3151-155, 332, 333$020136322$w02A01$935507
=653  \0$aCrotch, W.$3194$020136322$w02A01$930863
=653  \0$aorgelbouw$3109, 151-155, 257-261$020136322$w02A01$935542
=653  \0$aorgelregistratie$3331, 333$020136322$w02A01$935575
=653  \0$aDemantius, C.$3306$020136322$w02A01$931000
=653  \0$aoud-nieuw$310, 13, 95, 96, 97, 98, 492$020136322$w02A01$935651
=653  \0$aoude muziek vroeger$3197, 284, 438, 447$020136322$w02A01$935658
=653  \0$aOzanam$3256, 257$020136322$w02A01$935687
=653  \0$aPaganini$3475$020136322$w02A01$935708
=653  \0$adiminuties$3286, 306, 446, 447$020136322$w02A01$931087
=653  \0$adirigent$395, 206, 448, 469$020136322$w02A01$931092
=653  \0$adoedelzak$3321$020136322$w02A01$931125
=653  \0$aDoles$3483$020136322$w02A01$931134
=653  \0$aDoni, G.B. & J.B.$385, 91, 96, 99, 100, 128, 136, 137, 188, 192, 196, 199, 200, 269, 274, 323, 326, 444$020136322$w02A01$931145
=653  \0$aDouwes, K.$3341$020136322$w02A01$931184
=653  \0$aDowland, J.$3364$020136322$w02A01$931188
=653  \0$adraailier$3335$020136322$w02A01$931190
=653  \0$aPenna, L.$3423$020136322$w02A01$935844
=653  \0$3xii, 82, 83, 427, 502$020136322$w02A01$aPepusch$935846
=653  \0$aPergolesi, G.B.$3189, 194$020136322$w02A01$935857
=653  \0$aPerrault, C.&C.$396, 97$020136322$w02A01$935864
=653  \0$aPezel, J.$3222$020136322$w02A01$935904
=653  \0$aDunstable, J.$3492$020136322$w02A01$931305
=653  \0$adwarsfluit$3257, 318, 321, 322$020136322$w02A01$931340
=653  \0$aPisendel, J.G.$3190, 193$020136322$w02A01$935997
=653  \0$aPlanelli, A.$3161, 162$020136322$w02A01$936012
=653  \0$aechoeffekt$312, 236, 239$020136322$w02A01$931377
=653  \0$aemoties$3440, 443$020136322$w02A01$931445
=653  \0$aportretten van componisten$3183-190$020136322$w02A01$936105
=653  \0$aenharmonisch klavecimbel$3503$020136322$w02A01$931480
=653  \0$aPraetorius, M.$315, 16, 17, 503$020136322$w02A01$936131
=653  \0$aEuler, L.$3247, 248$020136322$w02A01$931549
=653  \0$aEximeno, A.$326, 438$020136322$w02A01$931565
=653  \0$afagot$3323$020136322$w02A01$931585
=653  \0$apubliek$393, 176-183$020136322$w02A01$936257
=653  \0$aPurcell, H.$3188$020136322$w02A01$936282
=653  \0$aPutaneus$3268, 269$020136322$w02A01$936285
=653  \0$aQuantz, J.J.$3vii, 187, 190, 261, 321, 322$020136322$w02A01$936296
=653  \0$aflageolet$3321$020136322$w02A01$931739
=653  \0$aFludd, R.$3405-407$020136322$w02A01$931779
=653  \0$aSorge, G.A.$3189, 247, 249, 251, 255, 259, 338, 339, 347, 356, 358, 447, 478$020136322$w02A01$936377
=653  \0$aSpiess, M.$3427, 428$020136322$w02A01$936425
=653  \0$aForkel, J.N.$3wb, 30, 220, 419, 448, 468$020136322$w02A01$931822
=653  \0$aStamitz$3475$020136322$w02A01$936501
=653  \0$aForster, C.$3425$020136322$w02A01$931829
=653  \0$aSteffani, A.$3189, 190, 456$020136322$w02A01$936525
=653  \0$aStein, J.A.$3263$020136322$w02A01$936535
=653  \0$aFramery$3181$020136322$w02A01$931849
=653  \0$aFrancoeur$3444$020136322$w02A01$931855
=653  \0$aFrans-Italiaans$3129, 130, 139, 176-183, 507$020136322$w02A01$931874
=653  \0$aStölzel, G.H.$3190, 437, 487, 500$020136322$w02A01$936602
=653  \0$aFrescobaldi, G.$3423, 503$020136322$w02A01$931903
=653  \0$aFriederici, C.E.$3264$020136322$w02A01$931913
=653  \0$aFritz, B.$3251$020136322$w02A01$931926
=653  \0$aFuretière, A.$3217$020136322$w02A01$931950
=653  \0$aSueur, le$3441$020136322$w02A01$936670
=653  \0$aSulzer, J.G.$3218, 219$020136322$w02A01$936673
=653  \0$aSweelinck$3378$020136322$w02A01$936690
=653  \0$aGafurius$376-81, 362, 363, 434, 476$020136322$w02A01$931969
=653  \0$aTartini, G$397, 190, 194, 325, 345, 346, 347, 501$020136322$w02A01$936752
=653  \0$aGasparini$3352$020136322$w02A01$932014
=653  \0$aGassman, F.L.$3189$020136322$w02A01$932020
=653  \0$agehoor$3234, 235$020136322$w02A01$932079
=653  \0$aGeigenwerk$3262$020136322$w02A01$932083
=653  \0$aTelemann, G.M.$3192, 338, 356, 359$020136322$w02A01$936795
=653  \0$aGerber, E.L.$3190$020136322$w02A01$932128
=653  \0$atemperatuur$3207, 213, 219, 248-254, 258, 260, 261, 348, 450, 490, 494, 500$020136322$w02A01$936807
=653  \0$atempo$313, 265$020136322$w02A01$936814
=653  \0$atempo rubato$3469$020136322$w02A01$936822
=653  \0$aGiordani$3475$020136322$w02A01$932198
=653  \0$agitaar$3318, 320, 321$020136322$w02A01$932207
=653  \0$aGlareanus$3367-369$020136322$w02A01$932215
=653  \0$aTiton du Tillet, E.$3130$020136322$w02A01$936957
=653  \0$aGluck$310, 168, 180-183$020136322$w02A01$932235
=653  \0$aGombert, N.$3281$020136322$w02A01$932273
=653  \0$aGottsched$35, 91, 174, 175, 185, 442, 474$020136322$w02A01$932285
=653  \0$aTosi, P.F.$3312$020136322$w02A01$937040
=653  \0$aGrassineau$3218$020136322$w02A01$932335
=653  \0$aTraetta, T.$3189$020136322$w02A01$937062
=653  \0$atransponeren$3360, 361$020136322$w02A01$937072
=653  \0$agregoriaans$3138-142, 147, 150, 297-303$020136322$w02A01$932368
=653  \0$aGrétry, A.$3189, 195, 511$020136322$w02A01$932388
=653  \0$aGrimm$3165, 177, 179$020136322$w02A01$932407
=653  \0$atrillers etc.$3291, 306, 310, 422$020136322$w02A01$937146
=653  \0$aGuido$3105, 106, 270, 287, 475, 490$020136322$w02A01$932473
=653  \0$atromba marina$3266$020136322$w02A01$937183
=653  \0$atrompet$389, 124, 203, 266, 267, 335, 512$020136322$w02A01$937194
=653  \0$aTürk, J. D.$3vii, 329, 330, 331, 332, 333, 334$020136322$w02A01$937229
=653  \0$aUffenbach, J.F. von$3175, 487, 491, 492, 498$020136322$w02A01$937271
=653  \0$aVallotti$3248$020136322$w02A01$937329
=653  \0$aVanhall$3475$020136322$w02A01$937347
=653  \0$aHassler, J.L.$3184$020136322$w02A01$932615
=653  \0$aHawkins, J.$3v, xii, 26, 27, 127, 131, 404$020136322$w02A01$932636
=653  \0$aHaydn, J.$3475$020136322$w02A01$932639
=653  \0$aVerdelot$3281$020136322$w02A01$937397
=653  \0$aHaym, N.F.$3197$020136322$w02A01$932650
=653  \0$averzamelen$3vi, xi, xii, 443$020136322$w02A01$937514
=653  \0$aHerbst, A.$3308$020136322$w02A01$932719
=653  \0$aHerbst, J.A.$3350, 422, 423$020136322$w02A01$932720
=653  \0$aHertel, J.C.$3187, 190, 474$020136322$w02A01$932744
=653  \0$aHertel, J.W. & J.C.$3187, 190, 474$020136322$w02A01$932746
=653  \0$aHess, J.J.$3260, 333$020136322$w02A01$932752
=653  \0$aVicentinus$3369$020136322$w02A01$937536
=653  \0$avihuela$3320$020136322$w02A01$937547
=653  \0$aHiller, J.$3vii, 5, 129, 190, 313-316, 449, 455, 467, 475$020136322$w02A01$932783
=653  \0$avingerzetting$3332$020136322$w02A01$937568
=653  \0$aHolzbauer, I.$3190, 469$020136322$w02A01$932872
=653  \0$aviola d'amour$3335$020136322$w02A01$937581
=653  \0$aviool$3323, 324, 325, 326$020136322$w02A01$937605
=653  \0$aimprovisatie$3447, 448$020136322$w02A01$933059
=653  \0$aimprovisatie notatie$3265, 267$020136322$w02A01$933061
=653  \0$ainterpretatie vroeger$3440, 448, 458, 459$020136322$w02A01$933102
=653  \0$aIsaac, H.$3281$020136322$w02A01$933128
=653  \0$aVossius, G.J.$373, 89, 189, 508$020136322$w02A01$937784
=653  \0$aVossius, I. $373, 89, 189, 508$020136322$w02A01$937786
=653  \0$aJac$3281$020136322$w02A01$933166
=653  \0$aWalsh, J.$3197$020136322$w02A01$937856
=653  \0$aWalther, J.G.$3xii, 217, 218, 501$020136322$w02A01$937860
=653  \0$awaterorgel$358, 88$020136322$w02A01$937876
=653  \0$ajongenssopraan$3137, 303-312, 511$020136322$w02A01$933241
=653  \0$aJoodse muziek$333-44, 508$020136322$w02A01$933245
=653  \0$aWerckmeister, A.$38, 142, 143, 191, 248, 250, 251, 260, 351, 425, 456, 473$020136322$w02A01$937929
=653  \0$aWieland, C. M.$3467, 468$020136322$w02A01$937955
=653  \0$aWillaert, A.$3281, 378$020136322$w02A01$937973
=653  \0$aKepler, J.$3407$020136322$w02A01$933359
=653  \0$awonderkind$3354$020136322$w02A01$938047
=653  \0$aZacconi$3421$020136322$w02A01$938068
=653  \0$aKircher, A.$312, 30, 31, 84, 88, 241, 410-414$020136322$w02A01$933414
=653  \0$aKirnberger, J.Ph.$3190, 194, 252, 253, 347, 348, 431, 439, 440, 444, 456$020136322$w02A01$933426
=653  \0$aZarlino$3369-379, 435, 472, 796, 503$020136322$w02A01$938113
=653  \0$aRameau, J.Ph.$3131, 180, 193, 253, 292, 312, 343, 344, 345, 430, 452, 456, 457, 477$020136322$w02A01$938230
=653  \0$aRamler, C.W.$3175$020136322$w02A01$938233
=653  \0$aRavenscroft, T.$3421$020136322$w02A01$938264
=653  \0$arecitatief$3439-442, 459, 507$020136322$w02A01$938285
=653  \0$aKleinknecht$3469$020136322$w02A01$933616
=653  \0$aReichardt$3467, 469, 470, 475, 514$020136322$w02A01$938335
=653  \0$aKnecht, J.H.$3479$020136322$w02A01$933641
=653  \0$aKoch, H.C$3432$020136322$w02A01$933654
=653  \0$akoor/orkestbezetting$3469$020136322$w02A01$933678
=653  \0$aRiepel, J,$3190, 439, 440$020136322$w02A01$938440
=653  \0$aKrebs, J.L.$3189$020136322$w02A01$933753
=653  \0$aKuhnau, J.$3155, 192, 473, 495$020136322$w02A01$933783
=653  \0$aRore, C. de$3378$020136322$w02A01$938549
=653  \0$akwint/oktaafparallellen$3341, 342$020136322$w02A01$933824
=653  \0$aRousseau, J.J.$325, 83, 179, 180, 182, 189, 195, 218, 272, 274, 275, 445, 452, 479, 506$020136322$w02A01$938595
=653  \0$aRoussier, Abbé$325, 26, 32, 33, 82, 293, 319, 337, 338, 339, 452$020136322$w02A01$938599
=653  \0$aLasso, O. di $3183, 184, 189, 438$020136322$w02A01$933916
=653  \0$aSacchini, A.$3181, 187, 469$020136322$w02A01$938669
=653  \0$asalaris$3469$020136322$w02A01$938697
=653  \0$aLeibnitz$3495, 496$020136322$w02A01$933995
=653  \0$aSauveur, J.$3246$020136322$w02A01$938775
=653  \0$aLessing, G.E.$3172$020136322$w02A01$934072
=653  \0$aScheibe$35, 20, 172, 189, 430, 431, 439, 447, 478$020136322$w02A01$938809
=653  \0$aLocke, M.$3271, 350$020136322$w02A01$934172
=653  \0$aLöhlein, G.S.$3189, 359, 479$020136322$w02A01$934186
=653  \0$aLolli$3485$020136322$w02A01$934191
=653  \0$aSchickhard, J.C.$3322$020136322$w02A01$938850
=653  \0$aLoulié, E.$3289$020136322$w02A01$934235
=653  \0$aLübeck$3135, 146, 149, 158, 187, 192, 452$020136322$w02A01$934243
=653  \0$aSchobert$3475$020136322$w02A01$938920
=653  \0$aSchultz, J.P.A.$3273, 500$020136322$w02A01$938981
=653  \0$aSchuster$3467$020136322$w02A01$939002
=653  \0$aSchütz, H.$3191$020136322$w02A01$939007
=653  \0$aLully, J.B.$3131, 164, 179, 184, 191, 193, 469$020136322$w02A01$934276
=653  \0$aLustig, J.$3x, 188, 291, 292, 324, 327, 418$020136322$w02A01$934289
=653  \0$aLuther, M.$37$020136322$w02A01$934295
=653  \0$aLuzzaschi, L.$3423$020136322$w02A01$934303
=653  \0$alyra viol$3266$020136322$w02A01$934312
=653  \0$aMaffei, S.$3185$020136322$w02A01$934358
=653  \0$aMaffei, S.$3263$020136322$w02A01$934358
=653  \0$aSilbermann, G.$3154$020136322$w02A01$939116
=653  \0$aSilbermann, J.A.$3190$020136322$w02A01$939119
=653  \0$aSimpson, C.$3188, 423, 424, 437, 447$020136322$w02A01$939132
=653  \0$aslagwerk$340, 89, 239, 335, 479$020136322$w02A01$939152
=653  \0$aMarcello, B.$337, 171, 193, 477, 496$020136322$w02A01$934447
=653  \0$aMarpurg$3129, 187, 249, 252, 253, 254, 313, 327, 429, 430, 437, 439, 466, 467$020136322$w02A01$934481
=653  \0$aMartini, Padre$3xi, xii, xiii, 21, 22, 46, 190, 195, 249, 276, 438, 443$020136322$w02A01$934501
=653  \0$aMasson, C.$3439$020136322$w02A01$934518
=653  \0$aMattei, S.$3193, 467$020136322$w02A01$934532
=653  \0$aMattheson, J.$3xi, xii, 37, 133, 143, 144, 157, 158, 172, 176, 185, 186, 192, 193, 203, 231, 251, 270, 306, 342, 343, 353, 354, 355, 361, 378, 417, 418, 465, 466, 474, 478, 483, 496, 497$020136322$w02A01$934535
=653  \0$aMenestrier, C.F.$3159, 160$020136322$w02A01$934655
=653  \0$aMersenne$350, 240, 263, 407, 408, 409$020136322$w02A01$934691
=653  \0$aMerula, C.$3423$020136322$w02A01$934696
=653  \0$ametronoom in 18e eeuw$3265, 275, 276, 289$020136322$w02A01$934715
=653  \0$aMizler, L.$3224, 237, 356, 454, 466$020136322$w02A01$934784
=653  \0$aMondonville$3189$020136322$w02A01$934813
=653  \0$amonochord$3254, 255$020136322$w02A01$934823
=653  \0$aMonte, Ph. de $3183, 184$020136322$w02A01$934843
=653  \0$aMonteclair$3290$020136322$w02A01$934845
=653  \0$aMorley, T.$3284, 503$020136322$w02A01$934892
=653  \0$aMozart, W.A.$3194$020136322$w02A01$934927
=653  \0$aMuffat, G.$3497$020136322$w02A01$934941
=653  \0$aMurschhauser, F.X.$3426$020136322$w02A01$934960
=653  \\$aAllstedt, J.$3449$928612$020136322$w02A01
=653  \\$aAntegnati$3331, 332$928714$020136322$w02A01
=653  \\$aArnauld$3454, 455$928781$020136322$w02A01
=653  \\$aBach, J. du$3189, 329, 475, 485$928913$020136322$w02A01
=653  \\$aBach, W.Fr.$3187, 190$928998$020136322$w02A01
=653  \\$aBaron, E.G.$3187, 190, 319, 446, 448, 458$929096$020136322$w02A01
=653  \\$abaryton$3469$929127$020136322$w02A01
=653  \\$aBaumgartner, J.B.$3326$929229$020136322$w02A01
=653  \\$aBeer, J.$3472, 480, 481, 488$929354$020136322$w02A01
=653  \\$aBeloselski$3129, 130$929403$020136322$w02A01
=653  \\$aBendeler, J.P.$3258, 489$929418$020136322$w02A01
=653  \\$aBenelli, E.$3443$929424$020136322$w02A01
=653  \\$aBernhard, C.$3489$929459$020136322$w02A01
=653  \\$abissex$3335$929592$020136322$w02A01
=653  \\$aBlainville$324, 25, 344, 455$929602$020136322$w02A01
=653  \\$aBoccherini$3475$929653$020136322$w02A01
=653  \\$aboekprijs$3150, 199, 326$929701$020136322$w02A01
=653  \\$aBoethius$365-68$95706$020136322$w02A01
=653  \\$aBottrigari, E.$381, 82, 183, 443, 476, 489$929826$020136322$w02A01
=653  \\$aBrelin, N.$3263$929929$020136322$w02A01
=653  \\$aBulliardus$359, 60$930016$020136322$w02A01
=653  \\$aBünting, H.$3200, 201$930026$020136322$w02A01
=653  \\$aButler, C.$3409$930075$020136322$w02A01
=653  \\$aCaus, S. de$3257, 405$930320$020136322$w02A01
=653  \\$aChabanon$3180, 455, 456$930383$020136322$w02A01
=653  \\$aclavecin electrique$3264$930514$020136322$w02A01
=653  \\$aCoclico$3276, 277, 279$930568$020136322$w02A01
=653  \\$acomponeren$3419-448, 492$930621$020136322$w02A01
=653  \\$aconcerten$3448$930655$020136322$w02A01
=653  \\$acontrapunte a mente$3498$930701$020136322$w02A01
=653  \\$aCorbetta$3189$930733$020136322$w02A01
=653  \\$aCorrette, M.$3294, 316, 322, 325, 326, 357, 512$930760$020136322$w02A01
=653  \\$aCorvinus, J.M.$3422$930764$020136322$w02A01
=653  \\$aCousu$3407$930820$020136322$w02A01
=653  \\$aCrecquillon, T.$3281$910329$020136322$w02A01$adansen$3459, 436, 464, 465$930928$020136322$w02A01
=653  \\$aDaube, J.F.$3357, 430$930953$020136322$w02A01
=653  \\$aDescartes$3244, 245$931024$020136322$w02A01
=653  \\$aDesideri, G.C.$384$931027$020136322$w02A01
=653  \\$aDiruta$3332, 503$931095$020136322$w02A01
=653  \\$aDiruta$3503$931095$020136322$w02A01
=653  \\$aDufay$3281$931270$020136322$w02A01
=653  \\$aDuval$3313$931337$020136322$w02A01
=653  \\$aEichner$3475$931405$020136322$w02A01
=653  \\$aEisel, P.$3318$931414$020136322$w02A01
=653  \\$aElmenhorst, H.$3173, 174$931428$020136322$w02A01
=653  \\$aEstève$3444, 452$931534$020136322$w02A01
=653  \\$aFarinelli$3190$931610$020136322$w02A01
=653  \\$aFasch, J.F.$3187, 190$931621$020136322$w02A01
=653  \\$aFinck, H.$3280, 281$931713$020136322$w02A01
=653  \\$aFinger, G.$3188$931714$020136322$w02A01
=653  \\$aFiocco$3184$931716$020136322$w02A01
=653  \\$aFischer, I.J.P.$3361$931727$020136322$w02A01
=653  \\$afondscatalogus$3197, 198$931799$020136322$w02A01
=653  \\$afortepiano$3263, 469$931832$020136322$w02A01
=653  \\$aFrosch, F.$3366, 367$931937$020136322$w02A01
=653  \\$aFuhrmann, M.$3157, 311, 482, 483$931945$020136322$w02A01
=653  \\$aFux, J.J.$3426, 427$931956$020136322$w02A01
=653  \\$agamba$3193, 194, 287, 311, 317, 323, 325, 447$931995$020136322$w02A01
=653  \\$aGantez, G.$3480$932005$020136322$w02A01
=653  \\$aGellius, A.$361$932098$020136322$w02A01
=653  \\$aGerber, C.$3156, 157$932127$020136322$w02A01
=653  \\$aGerbert, M.$3vi, 99-101, 140, 141, 220, 493$932132$020136322$w02A01
=653  \\$aGerson, J. $3119$932137$020136322$w02A01
=653  \\$aglasharmonica$3267, 334$932219$020136322$w02A01
=653  \\$agoût$3456, 457, 468, 507$932303$020136322$w02A01
=653  \\$aGraff, C.D.$3187$932321$020136322$w02A01
=653  \\$aGraun, C.H.$3189, 190, 194$932342$020136322$w02A01
=653  \\$aHändel, G.F._na dood$3190, 193, 448, 449, 459, 465, 475, 481$932543$020136322$w02A01
=653  \\$aHarnisch, O.S.$3284$932581$020136322$w02A01
=653  \\$aharp$3319, 320$932582$020136322$w02A01
=653  \\$aHartung$3450$932601$020136322$w02A01
=653  \\$aHausmann, V.$3494$932622$020136322$w02A01
=653  \\$aHeidenreich, C.H.$3453, 454$932669$020136322$w02A01
=653  \\$aHeinichen, J.D.$3191, 193, 352, 353$932676$020136322$w02A01
=653  \\$aHellinck, L.$3281$932692$020136322$w02A01
=653  \\$aHersdof, D.$3475$932739$020136322$w02A01
=653  \\$aHesse, E.C.$3193, 194$932756$020136322$w02A01
=653  \\$ahobo$3322$932805$020136322$w02A01
=653  \\$aHucbald$3103, 104$932972$020136322$w02A01
=653  \\$aHudemann, L.F.$3174, 175$932973$020136322$w02A01
=653  \\$aHülphers$3x, 9, 132, 133$932997$020136322$w02A01
=653  \\$aHuygens, Christiaan$3x, 151, 158, 250$921166$020136322$w02A01
=653  \\$aHuygens, Constantijn$3x, 151, 158, 250$95174$020136322$w02A01
=653  \\$aJanitsch, J.G.$3187$933187$020136322$w02A01
=653  \\$aJanowka, T.B.$3216$933189$020136322$w02A01
=653  \\$aJomelli$3190, 467$933231$020136322$w02A01
=653  \\$aJosquin$3188, 279, 281$933255$020136322$w02A01
=653  \\$aKalkbrenner, C.$3433$933293$020136322$w02A01
=653  \\$aKaufmann, G.F.$3495$933325$020136322$w02A01
=653  \\$aKellner, J.P.$3187, 354, 355, 360$933349$020136322$w02A01
=653  \\$aklarinet$3444$933442$020136322$w02A01
=653  \\$aKnock$3260$933647$020136322$w02A01
=653  \\$aKobrich, J.A.$3328$933653$020136322$w02A01
=653  \\$aKoesfeld$3x, 356$933660$020136322$w02A01
=653  \\$aKrause, C.G.$3442, 443, 474, 484$933748$020136322$w02A01
=653  \\$aKuntz, C.$3158$933793$020136322$w02A01
=653  \\$aLacomte, J.$3218$933847$020136322$w02A01
=653  \\$aLambert, M.$3326, 352$933865$020136322$w02A01
=653  \\$aLanfranco$3277, 278$933886$020136322$w02A01
=653  \\$aLeopold I$3192$922858$020136322$w02A01
=653  \\$aLiberati, A.$3472, 496$934086$020136322$w02A01
=653  \\$aLingke, G.F.$3291, 340, 341, 478, 479$934133$020136322$w02A01
=653  \\$aLotti, A.$3477$934227$020136322$w02A01
=653  \\$aluit$3267, 317, 318, 319, 335$934262$020136322$w02A01
=653  \\$aMace, T.$3188$934333$020136322$w02A01
=653  \\$aMaier$3317, 318$934366$020136322$w02A01
=653  \\$amandoline$3335$934419$020136322$w02A01
=653  \\$aMarchettus de Padua$3112-115$934459$020136322$w02A01
=653  \\$aMeibomius, M.$345, 49, 50, 51, 249$934616$020136322$w02A01
=653  \\$amelodica$3263$934632$020136322$w02A01
=653  \\$aMermet, B. de$3457$934690$020136322$w02A01
=653  \\$aMeyer, J.$3157$934736$020136322$w02A01
=653  \\$aMuris, J. de$3115, 116$934957$020136322$w02A01
=653  \\$amuziektheorie - praxis$3vii, viii$935102$020136322$w02A01
=653  \\$aNiedt, F.E.$3351, 426$935231$020136322$w02A01
=653  \\$aNierop$3x, 245$935236$020136322$w02A01
=653  \\$aNivers, G.J.$3138, 425$935256$020136322$w02A01
=653  \\$aNucius, F.$3421$935300$020136322$w02A01
=653  \\$aOddo Cluniensis$3104$935327$020136322$w02A01
=653  \\$aopera$3159-178$935411$020136322$w02A01
=653  \\$aorgel_in middeleeuwen$3109, 331$935509$020136322$w02A01
=653  \\$aOrnithoparetus, A.$3364, 365$935621$020136322$w02A01
=653  \\$aorpharion$3317$935623$020136322$w02A01
=653  \\$aOrtiz, D.$3446, 447$935631$020136322$w02A01
=653  \\$aPaix, J.$3142$935720$020136322$w02A01
=653  \\$aPalestrina$397, 477$935723$020136322$w02A01
=653  \\$apandora$3317$935734$020136322$w02A01
=653  \\$aParron, A.$3422$935772$020136322$w02A01
=653  \\$aPasquali, N.$3358$935780$020136322$w02A01
=653  \\$aPeacham, H.$39$935812$020136322$w02A01
=653  \\$aPetri, J.S.$3292, 293$935895$020136322$w02A01
=653  \\$apipe and tabor$3322$935990$020136322$w02A01
=653  \\$aPlutarchus$360, 61, 278$95727$020136322$w02A01
=653  \\$aPontio$3420$936069$020136322$w02A01
=653  \\$aPrintz, J.C.$318, 19, 127, 191, 309, 310, 339, 472, 473$936211$020136322$w02A01
=653  \\$aPsellus, M.$368, 69$936253$020136322$w02A01
=653  \\$apunctum divisionis$3212$936264$020136322$w02A01
=653  \\$aPythagoras$363, 64, 65, 67, 95, 132$921682$020136322$w02A01
=653  \\$aRaselius, A.$3499$938246$020136322$w02A01
=653  \\$araster (liniëren van papier) $3273$938248$020136322$w02A01
=653  \\$aRauch$3173$938256$020136322$w02A01
=653  \\$arecht van musicus$3155, 203$938278$020136322$w02A01
=653  \\$aReisch, G.$3363, 364$938360$020136322$w02A01
=653  \\$aRellstab$3440$938367$020136322$w02A01
=653  \\$aRhaw, G.$3277$938404$020136322$w02A01
=653  \\$aRiegel$3428, 429$938438$020136322$w02A01
=653  \\$aRobbers, J.$3462$938484$020136322$w02A01
=653  \\$aRodio, R.$3435, 436$938496$020136322$w02A01
=653  \\$aRuetz, C.$3158, 187, 452$938628$020136322$w02A01
=653  \\$aSacchi, G.$3195, 275, 276, 339, 499$938664$020136322$w02A01
=653  \\$aSalinas$3379, 380, 381$938708$020136322$w02A01
=653  \\$aSanta Maria, Th. de $3404$938744$020136322$w02A01
=653  \\$aSartorius, E.$3287, 471, 472$938764$020136322$w02A01
=653  \\$aScacchi, M.$3477$938781$020136322$w02A01
=653  \\$aScheibel, G.E.$3139, 143$938816$020136322$w02A01
=653  \\$aScheidt, S.$3500$938823$020136322$w02A01
=653  \\$aSchein, J.H.$3498$938827$020136322$w02A01
=653  \\$aSchlick, A.$34, 364, 505$938882$020136322$w02A01
=653  \\$aSchnittbauer$3475$938918$020136322$w02A01
=653  \\$aSchonsleder, W.$3422$938934$020136322$w02A01
=653  \\$aSchott, C.$3423, 424$938950$020136322$w02A01
=653  \\$aSchröter, C.G.$336, 37, 338, 358$938969$020136322$w02A01
=653  \\$aSchröter, C.G.$3188, 189, 190, 251, 253, 263, 469$938969$020136322$w02A01
=653  \\$aSebastiani, C.$3470, 471$939033$020136322$w02A01
=653  \\$aSenfl, L.$37, 189$939057$020136322$w02A01
=653  \\$aSermisy, C. de$3279$939065$020136322$w02A01
=653  \\$aSmith, R.$3247$939172$020136322$w02A01
=653  \\$asnaren$3238, 239$939189$020136322$w02A01
=653  \\$asolmisatie$3270, 271, 290, 300, 303, 304, 306, 307, 309, 361, 512$936344$020136322$w02A01
=653  \\$aSperling, J.P.$3290$936405$020136322$w02A01
=653  \\$astemmen van instrumenten$3469$936548$020136322$w02A01
=653  \\$aStevib$3500$936584$020136322$w02A01
=653  \\$aStolzer, T,$3281$936605$020136322$w02A01
=653  \\$aSweertius, F.$3196, 204$936693$020136322$w02A01
=653  \\$aSyfert, P.$3477$936705$020136322$w02A01
=653  \\$aTelemann, G.P.$3192, 338, 356, 359$936796$020136322$w02A01
=653  \\$aTempelhof, C.F.$3252$936805$020136322$w02A01
=653  \\$aTevo, Z.$3415, 416$936879$020136322$w02A01
=653  \\$aTheile, J.$3222, 501$936891$020136322$w02A01
=653  \\$aTil, S. van $335, 36, 508$936937$020136322$w02A01
=653  \\$aTinctorius, J.$3204-216, 281, 502$936948$020136322$w02A01
=653  \\$aTrost, J.C.$3203, 260, 284, 350, 378, 435, 503$937203$020136322$w02A01
=653  \\$aTuma, F.$3189$937221$020136322$w02A01
=653  \\$aValle, J. della$3128$937328$020136322$w02A01
=653  \\$aVanneo, S.$3364, 365, 366$937348$020136322$w02A01
=653  \\$aVecchi, O. $39$937363$020136322$w02A01
=653  \\$aViadana$3349$937525$020136322$w02A01
=653  \\$aVitruvius$358, 59$922019$020136322$w02A01
=653  \\$aVockerodt, G.$3480, 481$937684$020136322$w02A01
=653  \\$aVoltaire$3170$95159$020136322$w02A01
=653  \\$avrije fantasie$3447, 448$937804$020136322$w02A01
=653  \\$aWegweiser$3332$937896$020136322$w02A01
=653  \\$aWitt, C.F.$3351$938025$020136322$w02A01
=653  \\$aWolf, E.W.$3433$938035$020136322$w02A01
=653  \\$aWollich, N$3294, 295$938044$020136322$w02A01
=653  \\$azangeres$3191, 193, 194, 195, 306$938089$020136322$w02A01
=653  \\$aZumbag tot Koesfelt$3356$938183$020136322$w02A01
=856  \\$uhttps://www.digitale-sammlungen.de/en/view/bsb10598555?q=%28Allgemeine+Litteratur+der+Musik+forkel+1792%29&page=6,7$3Bavarian State Library
=856  \\$uhttps://api.digitale-sammlungen.de/iiif/presentation/v2/bsb10598555/manifest$3IIIF manifest
=942  \\$cBOO
=952  \\$00$10$2ddc$40$6KTS_1_000000000000000_C3_03_02A01$70$8RAR$9210$aORPH$bORPH$cKTS1_C3$d2020-07-08$eKoopman$oKTS1 C3.03 02A01$p20136322$r2021-01-12 00:00:00$w2021-01-12$yBOO
=999  \\$d210

