=LDR  02090    a2200325   4500
=001  211
=008  230404s1715\\\\|||aci||\||||\00|\p\dut\d
=041  \\$adut
=100  \\$aRotgans, Lukas$d1654-1710$4aut$1http://www.wikidata.org/entity/Q2234173$94983
=245  \\$aPoëzy, van verscheide mengelstoffen;$bmet konstplaaten versiert.
=260  \\$aLeeuwarden$aAmsterdam$bHalma $bOosterwyk$c1715
=300  \\$a[lxxiv]-680 pages$bmarbled edges, leather bound embossed in gold, engraved frontispiece and title page, illustrations
=500  \\$acontains amongst others 'Wilhem de Derde, door Godts genade, koning van Engelandt, Schotlandt, Vrankryk en Ierlandt, beschermer des geloofs, enz. enz.' (heldendicht) and 'Scilla' (treurspel)
=500  \\$aIllustrations engraved by Jacob Folkema (1692-1767) after Arnold Houbraken (1660-1719)
=500  \\$aBeautiful frontispiece engraving by Matthys Pool (1667-1740) depicting Mercurius declaiming a 'Heldendicht', Venus holding a portrait of the author Rotgans, 4 Cupids playing music, and theatrical and popular scenes in the background.
=648  \0$a18th Century (1701-1800)$1http://www.wikidata.org/entity/Q7015$920899
=650  \0$aPoetry$1http://www.wikidata.org/entity/Q482$93026
=650  \0$aPlay (theater)$1http://www.wikidata.org/entity/Q25379$921414
=651  \0$aNetherlands$1http://www.wikidata.org/entity/Q55$9173
=653  \0$ablokfluit$3tp$020140418$w02A02$929645
=653  \0$adansen$3631$020140418$w02A02$930928
=653  \0$aHals, F.$3voorwoord, xxxxxx3$020140418$w02A02$932522
=653  \0$aHooft, P.C.$3373, 374, 375$020140418$w02A02$932893
=653  \0$aWillem III$3150-184, 214-220, 222-231, 396-411, 418-428$020140418$w02A02$937975
=653  \0$azangeres$397$020140418$w02A02$938089
=653  \0$aluit$398$020140418$w02A02$934262
=856  \\$uhttps://books.google.be/books?id=LpLTEpn0UhAC$3Google Books
=942  \\$cBOO
=952  \\$00$10$2ddc$40$6KTS_1_000000000000000_C3_04_02A02$70$8RAR$9211$aORPH$bORPH$cKTS1_C3$d2020-07-08$eKoopman$l0$oKTS1 C3.04 02A02$p20140418$r2021-01-12 00:00:00$w2021-01-12$yBOO
=999  \\$d211

