=LDR  01600aam a2200289   4500
=001  212
=008  230405s1850\\\\|||afde|\||||\00|\0\eng\d
=041  \\$aeng
=059  \\$aorg
=100  \\$aPoole, George Ayliffe$d1809-1883$4aut$94984
=245  \\$aAn Historical & Descriptive Guide to York Cathedral and its Antiquities. $bWith a History and Description of the Minster Organ
=260  \\$aYork$bSunter$c1850
=300  \\$a[xxx]-213 pages$bfolded pages, illustrations, plates, charts, plans, lithographies, modern binding white vellum
=500  \\$aPoole was an English Anglican cleric and a writer on religion, church architecture and history. He strongly advocated the Gothic Revival
=500  \\$aHugall was an English Gothic Revival architect from Yorkshire
=648  \0$a19th Century (1801-1900)$1http://www.wikidata.org/entity/Q6955$920935
=650  \0$aArchitecture$1http://www.wikidata.org/entity/Q12271$93185
=650  \0$aFine art$1http://www.wikidata.org/entity/Q219625$921579
=650  \0$aOrgan$1http://www.wikidata.org/entity/Q1444$92810
=650  \0$aChurch$1http://www.wikidata.org/entity/Q16970$93776
=650  \0$aCuckoo$1http://www.wikidata.org/entity/Q18845$922474
=651  \0$aYork (United Kingdom)$926029
=700  \\$4aut$aHugall, John West$d1806-1880$94985
=856  \\$uhttps://archive.org/details/historicaldescri00pool_0/page/n4/mode/2up$3Internet Archive
=942  \\$cBOO
=952  \\$00$10$2ddc$40$6KTS_1_000000000000000_C3_04_02A03$70$8RAR$9212$aORPH$bORPH$cKTS1_C3$d2020-07-08$eKoopman$l0$oKTS1 C3.04 02A03$p20140419$r2021-01-12 00:00:00$w2021-01-12$yBOO
=999  \\$d212

