=LDR  01316acm a2200265   4500
=001  213
=008  211117s1836\\\\\\\afl||\||||\00|\0\fre\d
=041  \\$afre
=059  \\$acl
=245  \\$aMéthode de clarinette d'après celle composée par Xavier Le Fèvre
=260  \\$aParis$bTroupenas$c1836
=300  \\$a182 pages$b1 folded page
=500  \\$aOne of the Conservatoire methods devised in 1796, mainly musical examples
=610  \0$aConservatoire de Paris (France)$1http://www.wikidata.org/entity/Q463055$920895
=648  \0$a19th Century (1801-1900)$1http://www.wikidata.org/entity/Q6955$920935
=650  \0$aMethod$1http://www.wikidata.org/entity/Q2250960$921402
=650  \0$aClarinet$1http://www.wikidata.org/entity/Q8343$92937
=651  \0$aParis (France)$1http://www.wikidata.org/entity/Q90$9160
=700  \\$4cmp$aLefèvre, Jean-Xavier$d1763-1829$1http://www.wikidata.org/entity/Q115971$94769
=700  \\$4aut$aMüller, Ivan$d1785-1854$1http://www.wikidata.org/entity/Q67473$94986
=700  \\$4aut$aButeux$94987
=856  \\$uhttps://gallica.bnf.fr/view3if/ga/ark:/12148/bpt6k9634100p$3IIIF
=942  \\$cSCO
=952  \\$00$10$2ddc$40$6KTS_1_000000000000000_C3_04_02A04$70$8RAR$9213$aORPH$bORPH$cKTS1_C3$d2020-07-08$eKoopman$l0$oKTS1 C3.04 02A04$p20140407$r2021-01-12 00:00:00$w2021-01-12$ySCO
=999  \\$d213

