=LDR  01307aam a2200229   4500
=001  214
=008  210514s1849\\\\\\\g||||\||||\00|\0\ger\g
=041  \\$ager
=100  1\$aRotter, Ludwig$d1810-1895$4aut$1http://www.wikidata.org/entity/Q875747$94988
=245  \\$aHarmonologie:$bVollständige theoretisch-praktische Generalbass- und Harmonie-Lehre
=260  \\$aVienna$bDiabelli$c1849
=300  \\$a95 pages
=500  \\$aLudwig (or Louis, Luis) Rotter (1810-1895) was an Austrian Choir conductor, composer, teacher and organist. He was instructed at an early age on the violin, pianoforte, and organ and studied harmony and counterpoint afterwards.
=648  \0$a19th Century (1801-1900)$1http://www.wikidata.org/entity/Q6955$920935
=650  \0$aMusic theory$1http://www.wikidata.org/entity/Q193544$92662
=650  \0$aBasso continuo$1http://www.wikidata.org/entity/Q724321$921065
=650  \0$aHarmony$1http://www.wikidata.org/entity/Q184421$92358
=651  \0$aVienna (Austria)$1http://www.wikidata.org/entity/Q1741$920937
=856  \\$uhttps://books.google.be/books?id=gzLNvgEACAAJ$3Google Books
=942  \\$cBOO
=952  \\$00$10$2ddc$40$6KTS_1_000000000000000_C3_04_02A05$70$8RAR$9214$aORPH$bORPH$cKTS1_C3$d2020-07-08$eKoopman$l0$oKTS1 C3.04 02A05$p20140408$r2021-01-12 00:00:00$w2021-01-12$yBOO
=999  \\$d214

