=LDR  01628aam a2200277   4500
=001  216
=008  230405s1873\\\\|||c||||\||||\00|\0cfre\d
=041  \\$afre
=100  \\$aClément, Félix$d1822-1885$4aut$94991
=245  \\$aLes Musiciens célèbres du seizième siècle jusqu'à nos jours
=250  \\$a2nd ed.
=260  \\$aParis$bHachette$c1873
=300  \\$axi-660 pages$bengraved frontispiece, title page in red and black ink, 47 unpaged plates/portraits, red shiny cardboard cover, leather spine embossed in gold, decorated end-papers
=500  \\$aClément was a French organist, composer, musicologist and professor of early music
=500  \\$aShort bios of dozens of composers
=500  \\$anew engravings by Masson, Deblois and Massard
=500  \\$areproductions of old engravings
=590  \\$aOuvrage illustré de quarante-quatre portraits gravés a l'eau forte par Masson, Deblois et Massard, et de trois reproductions héliographiques d'anciennes gravures par A. Durand. Deuxième édition revue et augmentée
=648  \0$a19th Century (1801-1900)$1http://www.wikidata.org/entity/Q6955$920935
=650  \0$aMusic history$1http://www.wikidata.org/entity/Q846047$921373
=650  \0$aBiography$1http://www.wikidata.org/entity/Q36279$91927
=650  \0$aEarly music$1http://www.wikidata.org/entity/Q436016$93160
=856  \\$uhttps://gallica.bnf.fr/ark:/12148/bpt6k6544068b.texteImage$3Gallica
=942  \\$cBOO
=952  \\$00$10$2ddc$40$6KTS_1_000000000000000_C3_0405_02A07$70$8RAR$9216$aORPH$bORPH$cKTS1_C3$d2020-07-08$eKoopman$l0$oKTS1 C3.04-05 02A07$p20140420$r2021-01-12 00:00:00$w2021-01-12$yBOO
=999  \\$d216

