=LDR  01773aam a2200289   4500
=001  217
=008  210331s1879\\\\\\\a||||\||||\00|\1\fre\d
=041  \\$afre
=100  \\$aBalzac, Honoré de$d1799-1850$4aut$1http://www.wikidata.org/entity/Q9711$94992
=245  \\$aŒuvres illustrées de Balzac$nI
=260  \\$aParis$bLévy$c1879
=300  \\$a5 vols. in one (164-32-16-64-48 pages)$billustrations, marbled end-papers, marbled cardboard cover, leather spine embossed in gold
=505  \\$gLes Parents pauvres -- L'Interdiction -- Les Secrets de la Princesse de Cadignan -- Le Colonel Chabert -- Une Ténébreuse affaire -- Pierre Grassou -- Sarrasine --  Esquisse d'homme d'affaires -- La Recherche de l'absolu -- Une episode sous la Terreur
=534  \\$aOriginally published in 1867
=590  \\$aDessins par Tony Johannot, Meissonier, H. Monnier, Bertall, Daumier, Staal, E. Lamponius, Etc.
=648  \0$a19th Century (1801-1900)$1http://www.wikidata.org/entity/Q6955$920935
=650  \0$aNovel$1http://www.wikidata.org/entity/Q8261$921629
=650  \0$aShort story$1http://www.wikidata.org/entity/Q49084$925095
=650  \0$aIllustration$1http://www.wikidata.org/entity/Q178659$921171
=651  \0$aFrance$1http://www.wikidata.org/entity/Q142$9131
=700  \\$4ill$aJohannot, Tony$d1803-1852$926030
=700  \\$4ill$aMeissonier, Jean Louis Ernest$d1815-1891$1http://www.wikidata.org/entity/Q354786$94994
=700  \\$4ill$aDaumier, Honoré$d1808-1879$1http://www.wikidata.org/entity/Q187506$94993
=700  \\$4ill$aMonnier, Henry$d1799-1877$926031
=942  \\$cBOO
=952  \\$00$10$2ddc$40$6KTS_1_000000000000000_C3_04_02A06$70$8RAR$9217$aORPH$bORPH$cKTS1_C3$d2020-07-08$eKoopman$l0$oKTS1 C3.04 02A06$p20140421$r2021-01-12 00:00:00$w2021-01-12$yBOO
=999  \\$d217

