=LDR  05730aam a2200925   4500
=001  220
=005  20251003085455.0
=008  220907i19101916|||ogf||\c|||\00|\0\ger\d
=041  \\$ager
=100  \\$aKinsky, Georg$d1882-1951$4aut$94997
=245  \\$aMusikhistorisches Museum von Wilhelm Heyer in Cöln, Katalog$nvols. 1, 2 & 4
=260  \\$aCologne$bHeyer$aLeipzig$bBreitkopf & Härtel$c1910$c1912$c1916
=300  \\$a3 volumes (478+718+870-[2]-32-30 pages)$bphotographs, plates, charts, music examples
=500  \\$aGeorg Kinsky (1882-1951) was an important collector of instruments and manuscripts. His collections were auctioned in the 1920s, see the catalogs in BIB4 DE.COL
=648  \0$a20th Century (1901-2000)$1http://www.wikidata.org/entity/Q6927$920936
=650  \0$aCatalogue$1http://www.wikidata.org/entity/Q2352616$921484
=650  \0$aMusic$92062
=650  \0$aKeyboard instrument$1http://www.wikidata.org/entity/Q52954$92849
=650  \0$aOrgan$1http://www.wikidata.org/entity/Q1444$92810
=650  \0$aPlucked string instrument$1http://www.wikidata.org/entity/Q230262$921883
=650  \0$aBowed string instrument$1http://www.wikidata.org/entity/Q192096$92398
=650  \0$aManuscript$1http://www.wikidata.org/entity/Q87167$92275
=651  \0$aCologne (Germany)$1http://www.wikidata.org/entity/Q365$921601
=653  \0$aa =$3326$020140425$w02A11a$928388
=653  \0$aBach, J.S._en orgel$3319-323, 327-329$020140425$w02A11a$928957
=653  \0$aBroadwood, J.$3212-215$020140425$w02A11a$929947
=653  \0$aCompenius, H.$3326, 356$020140425$w02A11a$930619
=653  \0$aorgel$3294-335$020140425$w02A11a$935465
=653  \0$apedaalklavichord$345, 47$020140425$w02A11a$935822
=653  \0$aStein, J.A.$3282$020140425$w02A11a$936535
=653  \0$afortepiano_prijs$3240, 266$020140425$w02A11a$931837
=653  \0$agamba$320 afb$020140425$w02A11a$931995
=653  \0$aglasharmonica$3387-394$020140425$w02A11a$932219
=653  \0$aHildebrandt, Z.$3328, 329, 359$020140425$w02A11a$932776
=653  \0$aklavecimbel$351-114, 423, 424, 425$020140425$w02A11a$933450
=653  \0$aklavecimbel_19e eeuw$381$020140425$w02A11a$933473
=653  \0$aklavecimbel_prijs$372, 217, 220$020140425$w02A11a$933509
=653  \0$aklavichord$320 afb, 21-50, 57, 420$020140425$w02A11a$933553
=653  \0$aklavichord_italiaans 16e eeuws$325$020140425$w02A11a$933579
=653  \0$aregaal$3331-335$020140425$w02A11a$938302
=653  \0$aklokkenspel$3426$020140425$w02A11a$933630
=653  \0$areisklavecimbel$398, 244, 245$020140425$w02A11a$938361
=653  \0$aRuckers, Fam. $3254, 256-259$020140425$w02A11a$938624
=653  \0$aScheibe, J.$3319-323, 327, 329, 330, 361, 362$020140425$w02A11a$938811
=653  \0$aSilbermann, A.$3327, 363-365$020140425$w02A11a$939113
=653  \0$aSilbermann, G.$3305-309, 363-368$020140425$w02A11a$939116
=653  \0$aSilbermann, J.A.$3115, 123, 265$020140425$w02A11a$939119
=653  \\$a2 klav. octavino$369$928363$020140425$w02A11a
=653  \\$a2 klaviers italiaans klavecimbel$381-85, 97$928366$020140425$w02A11a
=653  \\$a3 klaviers klavecimbel$3428$928368$020140425$w02A11a
=653  \\$aBaffo, J.A.$3211$929021$020140425$w02A11a
=653  \\$abeschilderde orgelluiken$3296$929489$020140425$w02A11a
=653  \\$aChristofori, C.$369-72, 101, 102, 170-172, 216-220, 427$930463$020140425$w02A11a
=653  \\$aclavecytherium$381-88, 93, 129, 165, 185, 186, 191$930522$020140425$w02A11a
=653  \\$aclaviorganum$3200-205$930538$020140425$w02A11a
=653  \\$aCourtain, J.$3323, 359$930814$020140425$w02A11a
=653  \\$adraailier$3373 afb, 373-381$931190$020140425$w02A11a
=653  \\$aDulcken, L.$3225$931290$020140425$w02A11a
=653  \\$aErard, S.$3226, 227$931500$020140425$w02A11a
=653  \\$afortepiano$3115-197$931832$020140425$w02A11a
=653  \\$aGiusti, J.B.$392, 105, 228, 231$932211$020140425$w02A11a
=653  \\$aharmonichord$3403-407$932573$020140425$w02A11a
=653  \\$aHaysner, Z.$3327, 369$932652$020140425$w02A11a
=653  \\$aHubert, C.$3235, 236$932966$020140425$w02A11a
=653  \\$aklavecimbel_rond 1900$3110-114$933511$020140425$w02A11a
=653  \\$amaestro al cimbalo$3136, 429$934354$020140425$w02A11a
=653  \\$aMarius, J.$398, 244, 245$934471$020140425$w02A11a
=653  \\$aorphika$3168, 169$935627$020140425$w02A11a
=653  \\$aPisaurensis, D.$325, 222, 224, 430$935995$020140425$w02A11a
=653  \\$atangentenflügel$3197, 198$936738$020140425$w02A11a
=653  \\$atangentenflügel_prijs$3197$936740$020140425$w02A11a
=700  \\$4col$aHeyer, Wilhelm$924850$d1849-1913
=856  \\$uhttps://archive.org/details/musikhistorische01heye/page/3/mode/2up$3vol. 1
=856  \\$uhttps://archive.org/details/musikhistorische02heye/page/n4/mode/2up$3vol. 2
=856  \\$uhttps://torba.infoua.net/files/Katalog-des-Musikhistorischen-Museums-von-Wilhelm-Heyerin-Koln_Georg-Kinsky_1912.pdf$3vol. 2
=942  \\$cBOO
=952  \\$00$10$2ddc$3vol. 1: Besaitete Tasteninstrumente - Orgeln und orgelartige Instrumente - Friktionsinstrumente$40$6KTS_1_000000000000000_C3_04_02A11A$70$8RAR$9220$aORPH$bORPH$cKTS1_C3$d2020-07-08$eKoopman$l0$oKTS1 C3.04 02A11a$p20140425$r2021-01-12 00:00:00$w2021-01-12$yBOO
=952  \\$00$10$2ddc$3vol. 2: Zupf- und Streichinstrumente$40$6KTS_1_000000000000000_C3_04_02A11B$70$8RAR$9221$aORPH$bORPH$cKTS1_C3$d2020-07-08$eKoopman$l0$oKTS1 C3.04 02A11b$p20140426$r2021-01-12 00:00:00$w2021-01-12$yBOO
=952  \\$00$10$2ddc$3vol. 4: Musik-Autographen$40$6KTS_1_000000000000000_C3_04_02A11D$70$8RAR$9225$aORPH$bORPH$cKTS1_C3$d2020-07-08$eKoopman$l0$oKTS1 C3.04 02A11d$p20140427$r2021-01-12 00:00:00$w2021-01-12$yBOO
=999  \\$d220

