=LDR  01504aam a2200253   4500
=001  223
=008  230405s1827\\\\||||||||\||||\00|\0\dut\d
=041  \\$adut
=100  \\$aLoots, Cornelis$d1764-1834$4aut$1http://www.wikidata.org/entity/Q15943247$95000
=245  \\$aCantate ter gelegenheid van het vijftigjarig bestaan der Maatschappij Felix Meritis
=260  \\$aAmsterdam$bFelix Meritis$c1827
=300  \\$a16 pages$bgilded edges, red leather binding, embossed
=500  \\$aOriginally set by C. Antoine Fodor (1768-1846) and Johan Willem Wilms (1772-1847)
=500  \\$aFelix Meritis was founded in 1776 by Willem Writs as an enlightened society for the promotion of the arts and sciences
=500  \\$ain 1788 it moved to its current building with oval concert hall at the Keizersgracht
=590  \\$ade Muzijk gecomponeerd door de Heeren C. A. Fodor en J. W. Wilms. Uitgevoerd op Vrijdah den 9den November, 1827
=648  \0$a19th Century (1801-1900)$1http://www.wikidata.org/entity/Q6955$920935
=650  \0$aLibretto$1http://www.wikidata.org/entity/Q131084$94031
=650  \0$aCantata$1http://www.wikidata.org/entity/Q174873$921603
=651  \0$aAmsterdam (Netherlands)$1http://www.wikidata.org/entity/Q727$9135
=856  \\$uhttps://books.google.be/books?id=WVtSAAAAcAAJ$3Google Books
=942  \\$cBOO
=952  \\$00$10$2ddc$40$6KTS_1_000000000000000_C3_04_02A12$70$8RAR$9223$aORPH$bORPH$cKTS1_C3$d2020-07-08$eKoopman$l0$oKTS1 C3.04 02A12$p20140428$r2021-01-12 00:00:00$w2021-01-12$yBOO
=999  \\$d223

