=LDR  01063aam a2200205   4500
=001  224
=008  230405s1843\\\\|||g||||\||||\00|\0\ger\d
=041  \\$ager
=059  \\$apf
=100  \\$aSchilling, Gustav$d1805-1880$4aut$1http://www.wikidata.org/entity/Q15130379$95001
=245  \\$aDer Pianist oder Die Kunst des Clavierspiels in ihrem Gesammtumfange theoretisch-praktisch dargestellt
=260  \\$aOsterode$bSorge$c1843
=300  \\$a[ii]-xiv-[ii]-396 pages$bmarbled cardboard cover, leather gilded spine
=561  \\$aEx libris Joseph Winterscheid (Stamp)
=590  \\$aEin Lehr- und Handbuch für Alle, welche Klqvier spielen und diese Kunst lehren oder lernen, jedoch mit besonderer Rücksicht auf Dilettanten
=650  \0$aMethod$1http://www.wikidata.org/entity/Q2250960$921402
=856  \\$uhttps://books.google.ca/books?id=WzxDAAAAcAAJ$3Google Books
=942  \\$cBOO
=952  \\$00$10$2ddc$40$6KTS_1_000000000000000_C3_04_02A13$70$8RAR$9224$aORPH$bORPH$cKTS1_C3$d2020-07-08$eKoopman$l0$oKTS1 C3.04 02A13$p20140429$r2021-01-12 00:00:00$w2021-01-12$yBOO
=999  \\$d224

