=LDR  01117aam a2200253   4500
=001  226
=005  20250925143254.0
=008  230405r1906\\\\|||o||||\||||\00|\0\dut\d
=041  \\$adut
=100  \\$aEeden, Frederik van$d1860-1932$4aut$1http://www.wikidata.org/entity/Q211514$94949
=245  \\$aDe vrije arbeid op Walden
=250  \\$a1st ed.
=260  \\$aAmsterdam$bVersluys$c1906
=300  \\$a39 pages
=561  \\$aEx libris Leesmuseum Amsterdam (Stamp)
=561  \\$aEx libris Mr. J. Belonde (Plate)
=561  \\$aEx libris F. G. Koster (Plate)
=648  \0$a20th Century (1901-2000)$1http://www.wikidata.org/entity/Q6927$920936
=650  \0$aHistory$1http://www.wikidata.org/entity/Q309$921403
=651  \0$aNetherlands$1http://www.wikidata.org/entity/Q55$9173
=856  \\$uhttps://geheugen.delpher.nl/en/geheugen/view?coll=ngvn&identifier=IISG01%3AADV10113790$3National Library of the Netherlands
=942  \\$cBOO
=952  \\$00$10$2ddc$40$6KTS_1_000000000000000_C3_04_02A14$70$8RAR$9226$aORPH$bORPH$cKTS1_C3$d2020-07-08$eKoopman$l0$oKTS1 C3.04 02A14$p20140430$r2021-01-12 00:00:00$w2021-01-12$yBOO
=999  \\$d226

