=LDR  01334aam a2200241   4500
=001  227
=005  20250925143254.0
=008  230406s1901\\\\||||||||\||||\00|\p\dut\d
=041  \\$adut
=100  \\$aEeden, Frederik van$d1860-1932$4aut$1http://www.wikidata.org/entity/Q211514$94949
=245  \\$aVan de passielooze lelie
=250  \\$a1st ed.
=260  \\$aAmsterdam$bVersluys$c1901
=300  \\$a159-[1] pages
=500  \\$aSee also 09E03
=520  \\$aIn the collection of poetry 'Van de passielooze lelie' (1901), Frederik van Eeden expressed his desire to merge with God through suffering and agony, as he makes himself known in music, nature and selfless love. Critics were divided over this collection: according to De Amsterdammer, Van Eeden was half apostle and half minister, but Den Gulden Winckel called him a great poet and an exalted mystic.
=590  \\$awaarbij zijn opgenomen de "enkele verzen"
=648  \0$a20th Century (1901-2000)$1http://www.wikidata.org/entity/Q6927$920936
=650  \0$aPoetry$1http://www.wikidata.org/entity/Q482$93026
=651  \0$aNetherlands$1http://www.wikidata.org/entity/Q55$9173
=942  \\$cBOO
=952  \\$00$10$2ddc$40$6KTS_1_000000000000000_C3_04_02A16$70$8RAR$9227$aORPH$bORPH$cKTS1_C3$d2020-07-08$eKoopman$l0$oKTS1 C3.04 02A16$p20140432$r2021-01-12 00:00:00$w2021-01-12$yBOO
=999  \\$d227

