=LDR  01032aam a2200229   4500
=001  228
=008  230406r18951892||||||||\||||\00|\f\dut\d
=041  \\$adut
=100  \\$aEeden, Frederik van$d1860-1932$4aut$1http://www.wikidata.org/entity/Q211514$94949
=245  \\$aJohannes Viator:$bHet boek van de liefde
=250  \\$a2nd ed.
=260  \\$aAmsterdam$bVersluys$c1895
=300  \\$a331-[1] pages
=534  \\$aOriginally published in 1892
=648  \0$a19th Century (1801-1900)$1http://www.wikidata.org/entity/Q6955$920935
=650  \0$aNovel$1http://www.wikidata.org/entity/Q8261$921629
=650  \0$aPhilosophy$1http://www.wikidata.org/entity/Q5891$92357
=651  \0$aNetherlands$1http://www.wikidata.org/entity/Q55$9173
=856  \\$uhttps://nl.wikisource.org/wiki/Frederik_van_Eeden-Johannes_Viator(1895)$3Wikisource
=942  \\$cBOO
=952  \\$00$10$2ddc$40$6KTS_1_000000000000000_C3_04_02A17$70$8RAR$9228$aORPH$bORPH$cKTS1_C3$d2020-07-08$eKoopman$l0$oKTS1 C3.04 02A17$p20140431$r2021-01-12 00:00:00$w2021-01-12$yBOO
=999  \\$d228

