=LDR  01431aam a2200241   4500
=001  229
=008  230406s1894\\\\||||||||\||||\00|\d\dut\d
=041  \\$adut
=100  \\$aEeden, Frederik van$d1860-1932$4aut$1http://www.wikidata.org/entity/Q211514$94949
=245  \\$aDe broeders:$btragedie van het recht
=250  \\$a1st ed.
=260  \\$aAmsterdam$bVersluys$c1894
=300  \\$a253 pages
=500  \\$aThe 'Tragedie van het recht' is a play titled 'De Broeders' by Frederik Van Eeden, written in sixteen acts, without rhyme and in five-foot iambic verse. In the play, Van Eeden ponders whether God is just and what the meaning of suffering is. According to critics, 'De Broeders' has some similarities to Goethe's 'Faust' and Dante's 'Divina Commedia'.
=648  \0$a19th Century (1801-1900)$1http://www.wikidata.org/entity/Q6955$920935
=650  \0$aPlay (theater)$1http://www.wikidata.org/entity/Q25379$921414
=650  \0$aReligion$1http://www.wikidata.org/entity/Q9174$93062
=650  \0$aPhilosophy$1http://www.wikidata.org/entity/Q5891$92357
=651  \0$aNetherlands$1http://www.wikidata.org/entity/Q55$9173
=856  \\$uhttps://www.dbnl.org/tekst/eede003broe01_01/$3Digital Library for Dutch Literature (DBNL)
=942  \\$cBOO
=952  \\$00$10$2ddc$40$6KTS_1_000000000000000_C3_04_02A18$70$8RAR$9229$aORPH$bORPH$cKTS1_C3$d2020-07-08$eKoopman$l0$oKTS1 C3.04 02A18$p20140434$r2021-01-12 00:00:00$w2021-01-12$yBOO
=999  \\$d229

