=LDR  00886aam a2200205   4500
=001  230
=008  230406s1900\\\\||||||||\||||\00|\p\dut\d
=041  \\$adut
=100  \\$aEeden, Frederik van$d1860-1932$4aut$1http://www.wikidata.org/entity/Q211514$94949
=245  \\$aEllen, een lied van de smart
=260  \\$aAmsterdam$bVersluys$c1900
=300  \\$a133 pages
=500  \\$aFrederik van Eeden's poetic debut
=534  \\$aOriginally published in 1891, see 07B39
=648  \0$a19th Century (1801-1900)$1http://www.wikidata.org/entity/Q6955$920935
=650  \0$aPoetry$1http://www.wikidata.org/entity/Q482$93026
=651  \0$aNetherlands$1http://www.wikidata.org/entity/Q55$9173
=942  \\$cBOO
=952  \\$00$10$2ddc$40$6KTS_1_000000000000000_C3_0405_02A15$70$8RAR$9230$aORPH$bORPH$cKTS1_C3$d2020-07-08$eKoopman$l0$oKTS1 C3.04-05 02A15$p20140433$r2021-01-12 00:00:00$w2021-01-12$yBOO
=999  \\$d230

