=LDR  01284aam a2200229   4500
=001  231
=005  20250925143254.0
=008  230406s1902\\\\||||||||\||||\00|\0\dut\d
=041  \\$adut
=100  1\$aLigthart, Jan$d1859-1916$4aut$1http://www.wikidata.org/entity/Q2445355$95002
=245  \\$aLetterkundige studiën I:$bDe kleine Johannes door Frederik van Eeden
=260  \\$aGroningen$bWolters$c1902
=300  \\$a185-[3] pages
=500  \\$aJan Ligthart (1859-1916) was a Dutch teacher and philosopher. He became known for his innovative educational methods and the modernisation of the Dutch education system. He wrote many articles and books about education. 
=600  \0$aEeden, Frederik van$d1860-1932$1http://www.wikidata.org/entity/Q211514$94949
=648  \0$a20th Century (1901-2000)$1http://www.wikidata.org/entity/Q6927$920936
=650  \0$aLiterature$1http://www.wikidata.org/entity/Q8242$94439
=651  \0$aNetherlands$1http://www.wikidata.org/entity/Q55$9173
=856  \\$uhttps://www.dbnl.org/tekst/ligt002lett01_01/$3Digital Library for Dutch Literature (DBNL)
=942  \\$cBOO
=952  \\$00$10$2ddc$40$6KTS_1_000000000000000_C3_04_02A20$70$8RAR$9231$aORPH$bORPH$cKTS1_C3$d2020-07-08$eKoopman$l0$oKTS1 C3.04 02A20$p20140436$r2021-01-12 00:00:00$w2021-01-12$yBOO
=999  \\$d231

