=LDR  01062aam a2200229   4500
=001  232
=005  20250925143254.0
=008  230406s1905\\\\||||||||\||||\00|\fbdut\d
=041  \\$adut
=100  \\$aEeden, Frederik van$d1860-1932$4aut$1http://www.wikidata.org/entity/Q211514$94949
=245  \\$aDe kleine Johannes$n2/3
=250  \\$a1st ed.
=260  \\$aAmsterdam$bVersluys$c1905
=300  \\$a[vi]-216 pages$bcolored cloth-bound, illustrated front-cover and spine
=648  \0$a20th Century (1901-2000)$1http://www.wikidata.org/entity/Q6927$920936
=650  \0$aNovel$1http://www.wikidata.org/entity/Q8261$921629
=650  \0$aBiography$1http://www.wikidata.org/entity/Q36279$91927
=651  \0$aNetherlands$1http://www.wikidata.org/entity/Q55$9173
=856  \\$uhttps://www.dbnl.org/tekst/eede003klei03_01/$3Digital Library for Dutch Literature (DBNL)
=942  \\$cBOO
=952  \\$00$10$2ddc$40$6KTS_1_000000000000000_C3_04_02A21$70$8RAR$9232$aORPH$bORPH$cKTS1_C1$d2020-07-08$eKoopman$l0$oKTS1 C3.04 02A21$p20140437$r2021-01-12 00:00:00$w2021-01-12$yBOO
=999  \\$d232

