=LDR  00826aam a2200205   4500
=001  233
=008  230406r18991897||||||||\||||\00|\d\dut\d
=041  \\$adut
=100  \\$aEeden, Frederik van$d1860-1932$4aut$1http://www.wikidata.org/entity/Q211514$94949
=245  \\$aLioba.$bDrama
=250  \\$a2nd ed.
=260  \\$aAmsterdam$bVersluys$c1899
=300  \\$a193 pages
=500  \\$aSee also 09E04
=648  \0$a19th Century (1801-1900)$1http://www.wikidata.org/entity/Q6955$920935
=650  \0$aPlay (theater)$1http://www.wikidata.org/entity/Q25379$921414
=651  \0$aNetherlands$1http://www.wikidata.org/entity/Q55$9173
=942  \\$cBOO
=952  \\$00$10$2ddc$40$6KTS_1_000000000000000_C3_04_02A19$70$8RAR$9233$aORPH$bORPH$cKTS1_C3$d2020-07-08$eKoopman$l0$oKTS1 C3.04 02A19$p20140435$r2021-01-12 00:00:00$w2021-01-12$yBOO
=999  \\$d233

