=LDR  01093aam a2200229   4500
=001  234
=005  20250925143254.0
=008  230406s1949\\\\||||||||\||||\00|\fadut\d
=041  \\$adut
=100  \\$aEeden, Frederik van$d1860-1932$4aut$1http://www.wikidata.org/entity/Q211514$94949
=245  \\$aDe kleine Johannes $n3/3
=260  \\$aThe Hague$bMouton$c1949
=300  \\$a372 pages$bcolored cloth-bound, illustrated front- & backcover and spine
=500  \\$aOriginally published in 1906
=648  \0$a20th Century (1901-2000)$1http://www.wikidata.org/entity/Q6927$920936
=650  \0$aNovel$1http://www.wikidata.org/entity/Q8261$921629
=650  \0$aBiography$1http://www.wikidata.org/entity/Q36279$91927
=651  \0$aNetherlands$1http://www.wikidata.org/entity/Q55$9173
=856  \\$uhttps://www.dbnl.org/tekst/eede003klei04_01/index.php$3Digital Library for Dutch Literature (DBNL)
=942  \\$cBOO
=952  \\$00$10$2ddc$40$6KTS_1_000000000000000_C3_04_02A22$70$8RAR$9234$aORPH$bORPH$cKTS1_C1$d2020-07-08$eKoopman$l0$oKTS1 C3.04 02A22$p20140438$r2021-01-12 00:00:00$w2021-01-12$yBOO
=999  \\$d234

