=LDR  01540aam a2200277   4500
=001  235
=008  220110r16441619|||a||||\||||\00|\d\dut\d
=041  \\$adut
=100  \\$aBredero, Gerbrand Adriaenszoon$d1585-1618$4aut$1http://www.wikidata.org/entity/Q560740$94858
=245  \\$aStommen ridder
=260  \\$aAmsterdam$bHartgers$c1644
=300  \\$a[78] pages
=336  \\$aprinted
=500  \\$acontains the only gravure that is made of Bredero (posthumously, 1619)
=501  \\$abound in with Vondel's 'Lijck-dichten' (1644); 'Lijck-dichten over 't afsterven des aardigen ende vermaarden poeets Garbrant Adriaensz. Brederode'
=534  \\$aOriginally published in 1619
=590  \\$aGhespeelt op de Nederduytsche Academie 1618. En opnieuw herspeelt op d'Amsterdamsche Kamer, gelijck het in sijn leven by hem is gemaect, 1635
=648  \0$a17th Century (1601-1700)$1http://www.wikidata.org/entity/Q7016$920923
=650  \0$aPlay (theater)$1http://www.wikidata.org/entity/Q25379$921414
=650  \0$aPoetry$1http://www.wikidata.org/entity/Q482$93026
=650  \0$aDeath$1http://www.wikidata.org/entity/Q4$94425
=651  \0$aAmsterdam (Netherlands)$1http://www.wikidata.org/entity/Q727$9135
=856  \\$uhttps://books.google.be/books?id=PQsoo9IWVj8C&dq=bredero%20stommen%20ridder&pg=PA1#v=onepage&q&f=false$3Google Books
=942  \\$cBOO
=952  \\$00$10$2ddc$40$6KTS_1_000000000000000_C1_68_02B01$70$8RAR$9235$aORPH$bORPH$cKTS1_C1$d2020-07-08$eKoopman$i02B01$oKTS1 C1.68 02B01$p20138180$r2021-01-12 00:00:00$w2021-01-12$yBOO
=999  \\$d235

