=LDR  01260aam a2200253   4500
=001  244
=008  220111s1662\\\\|||afc||\||||\00|\0\lat\d
=041  \\$alat
=100  \\$aSuetonius Tranquillius, Gaius$dc69-c122$4aut$1http://www.wikidata.org/entity/Q10133$95034
=245  \\$aTranquillus, et in eum commentarius exhibente Joanne Schildio
=250  \\$a4th ed.
=260  \\$aLeiden$bHack$c1662
=300  \\$a[xxxi]-845-[88] pages
=336  \\$aprinted
=500  \\$ahistory of the Emperors, see also 08A35, 09D16 and 10D13 (earlier ed. by Hack)
=648  \0$a17th Century (1601-1700)$1http://www.wikidata.org/entity/Q7016$920923
=648  \0$aClassical Antiquity (8th Century BC-6th Century AD)$1http://www.wikidata.org/entity/Q486761$921435
=650  \0$aHistory$1http://www.wikidata.org/entity/Q309$921403
=650  \0$aBiography$1http://www.wikidata.org/entity/Q36279$91927
=700  \\$4edt$aSchild, Johannes$d1595-1667$1http://www.wikidata.org/entity/Q19687585$95035
=856  \\$uhttps://books.google.be/books?id=O9uqQVd5h8kC$3Google Books
=942  \\$cBOO
=952  \\$00$10$2ddc$40$6KTS_1_000000000000000_C1_68_02B10$70$8RAR$9244$aORPH$bORPH$cKTS1_C1$d2020-07-08$eKoopman$i02B10$oKTS1 C1.68 02B10$p20138165$r2021-01-12 00:00:00$w2021-01-12$yBOO
=999  \\$d244

