=LDR  01131aam a2200229   4500
=001  246
=008  220110b\\\\\\\\||||||||\||||\00|\0\mul\d
=041  \\$agrc$alat
=100  \\$aAristophanes$dc. 446-c. 386 BC$4aut$1http://www.wikidata.org/entity/Q43353$95037
=245  \\$aComœdiæ undecim
=260  \\$aLyon$bGryphius$c1548
=300  \\$a279 folios
=500  \\$aPrinted by Sebastian Gryphius (ca. 1492-1556)
=561  \\$aEx libris T. Gaisford, S.T.P. Aed. XTI. Decan. (plate)
Ex libris Matt Raper (?) (ms.)
=648  \0$aClassical Antiquity (8th Century BC-6th Century AD)$1http://www.wikidata.org/entity/Q486761$921435
=648  \0$a16th Century (1501-1600)$1http://www.wikidata.org/entity/Q7017$920944
=650  \0$aPlay (theater)$1http://www.wikidata.org/entity/Q25379$921414
=650  \0$aSatire$1http://www.wikidata.org/entity/Q128758$921636
=651  \0$aAttica (Greece)$1http://www.wikidata.org/entity/Q122443$923409
=942  \\$cBOO
=952  \\$00$10$2ddc$40$6KTS_1_000000000000000_C1_68_02B08$70$8RAR$9246$aORPH$bORPH$cKTS1_C1$d2020-07-08$eKoopman$oKTS1 C1.68 02B08$p20138187$r2021-01-12 00:00:00$w2021-01-12$yBOO
=999  \\$d246

