=LDR  01229    a2200217   4500
=001  247
=008  210304b\\\\\\\\be\|||||\||||\00|\0\eng\d
=041  \\$afre$hlat
=100  \\$aTertullianus, Quintus Septimius Florens$dc. 155 - c. 240$97013
=245  \\$aLivres de Tertulien :$bde l'habit des femmes - aux Martyres - à sa femme - au President Scapula - de la resurrection de la chair 
=246  \\$bDe culti Feminarum (on women's dress) - Ad Martires (to the Martyrs) - Ad Uxorem (to his Wife) - Ad Scapulam (to Scapula, Proconsul of Africa) - De Resurrectione Carnis (on the resurrecion of Flesh) incomplete
=260  \\$as.l.$c17xx
=300  \\$a174 pages
=500  \\$aEarly Christian moral writings
=534  \\$ohttps://en.wikipedia.org/wiki/Tertullian
$ohttp://www.intratext.com/Catalogo/Autori/AUT369.HTM
=561  \\$aex libris:  "Mr de Vauville" (manuscript)
=942  \\$cMS
=952  \\$00$10$2ddc$40$6KTS_1_000000000000000_C1_68_02B12$70$8RAR$9247$aORPH$bORPH$cKTS1_C1$d2020-07-08$eKoopman$i02B12$l0$oKTS1 C1.68 02B12$p20136028$r2021-01-12 00:00:00$w2021-01-12$yRAR
=999  \\$c247$d247
=650  \0$aReligion$1http://www.wikidata.org/entity/Q9174$93062
=650  \0$aMoral education$1http://www.wikidata.org/entity/Q25457248$93171

