=LDR  01289aam a2200241   4500
=001  249
=008  220111r17921788|||abf||\||||\00|\0\fre\d
=041  \\$afre
=100  \\$aSavary, Claude Étienne$d1750-1788$4aut$1http://www.wikidata.org/entity/Q2627488$95041
=245  \\$aLettres sur la Grèce
=260  \\$aParis$bFavre$c1792
=300  \\$a374 pages$b2 folded sheets
=336  \\$aprinted
=534  \\$aOriginal version published in 1788$ohttps://books.google.be/books?id=R-FaAAAAQAAJ
=590  \\$aFaisant suite a celles sur l'Égypte; Avec la carte Géographique des parties de l'Asie-Mineure, et des Isles de la Grèce que l'auteur a visitées; ainsi que le plan du Labyrinthe de Gnose, tiré d'une pierre antique
=648  \0$a18th Century (1701-1800)$1http://www.wikidata.org/entity/Q7015$920899
=650  \0$aHistory$1http://www.wikidata.org/entity/Q309$921403
=650  \0$aTravel$1http://www.wikidata.org/entity/Q61509$94440
=650  \0$aCorrespondence$1http://www.wikidata.org/entity/Q1784733$921392
=651  \0$aGreece$1http://www.wikidata.org/entity/Q41$921778
=942  \\$cBOO
=952  \\$00$10$2ddc$40$6KTS_1_000000000000000_C1_68_02B13$70$8RAR$9249$aORPH$bORPH$cKTS1_C1$d2020-07-08$eKoopman$i02B13$oKTS1 C1.68 02B13$p20138189$r2021-01-12 00:00:00$w2021-01-12$yBOO
=999  \\$d249

