=LDR  00590    a2200157   4500
=001  251
=008  210304b\\\\\\\\be\|||||\||||\00|\0\eng\d
=041  \\$afre
=245  \\$aRecueil$bLivre où je porte le tems de la vendange et la quantite de vin que je fais
=260  \\$as.l.$bs.n.$c17xx
=500  \\$aIntended to register a wine cellar
=501  \\$aBlank booklet
=653  \\$anone
=942  \\$cMS
=952  \\$00$10$2ddc$40$6KTS_1_000000000000000_C1_68_02B15$70$8RAR$9251$aORPH$bORPH$cKTS1_C1$d2020-07-08$eKoopman$i02B15$l0$oKTS1 C1.68 02B15$p20136029$r2021-01-12 00:00:00$w2021-01-12$yRAR
=999  \\$c251$d251

