=LDR  01435aam a2200277   4500
=001  253
=008  220111s1858\\\\|||ag|||\||||\00|\0\ita\d
=041  \\$aita$hfre
=100  \\$aFétis, François-Joseph$d1784-1871$4aut$1http://www.wikidata.org/entity/Q523581$95045
=245  \\$aLa musica accomodata alla intelligenza di tutti
=260  \\$aTurin$bUnione Tipografico-Editrice$c1858
=300  \\$a2 vols. in 1 (xv-440+viii-426-[2] pages)
=500  \\$aSee X3C07 and 04E01 for earlier French editions
=534  \\$aOriginally published in 1830
=590  \\$acon un Saggio storico, un Dizionario biografico ed un Vocabolario tecnico della musica antica e moderna
=648  \0$a19th Century (1801-1900)$1http://www.wikidata.org/entity/Q6955$920935
=650  \0$aMethod$1http://www.wikidata.org/entity/Q2250960$921402
=650  \0$aMusic theory$1http://www.wikidata.org/entity/Q193544$92662
=650  \0$aMusic history$1http://www.wikidata.org/entity/Q846047$921373
=650  \0$aDictionary$1http://www.wikidata.org/entity/Q23622$921580
=700  \\$4trl$aPredari, Eriberto$95046
=765  \\$aLa musique mise à la portée de tout le monde
=856  \\$uhttps://archive.org/details/bub_gb_lRuoIST0TUAC/page/n1$3Internet Archive
=942  \\$cBOO
=952  \\$00$10$2ddc$40$6KTS_1_000000000000000_C1_68_02B19$70$8RAR$9253$aORPH$bORPH$cKTS1_C1$d2020-07-08$eKoopman$oKTS1 C1.68 02B19$p20138208$r2021-01-12 00:00:00$w2021-01-12$yBOO
=999  \\$d253

