=LDR  01067aam a2200229   4500
=001  255
=005  20251003085455.0
=008  220111s1861\\\\||||||||\c|||\00|\0\fre\d
=041  \\$afre
=100  \\$aFilippi, Joseph de$4aut$1http://www.wikidata.org/entity/Q18057606$95048
=245  \\$aCatalogue de la bibliothèque théâtrale de M. Joseph de Filippi
=260  \\$aParis$bAubry$c1861
=300  \\$avi-114 pages
=336  \\$aprinted
=500  \\$aMs. note on tp: "les prix auxquels les numéros ont été adjugés sont indiqués vis-à-vis, à la main"
=648  \0$a19th Century (1801-1900)$1http://www.wikidata.org/entity/Q6955$920935
=650  \0$aCatalogue$1http://www.wikidata.org/entity/Q2352616$921484
=650  \0$aTheater history$1http://www.wikidata.org/entity/Q1061140$94607
=651  \0$aParis (France)$1http://www.wikidata.org/entity/Q90$9160
=942  \\$cBOO
=952  \\$00$10$2ddc$40$6KTS_1_000000000000000_C1_68_02B20$70$8RAR$9255$aORPH$bORPH$cKTS1_C1$d2020-07-08$eKoopman$i02B20$oKTS1 C1.68 02B20$p20138207$r2021-01-12 00:00:00$w2021-01-12$yBOO
=999  \\$d255

