=LDR  03058aam a2200325   4500
=001  258
=008  231004s1680\\\\||||||||\||||\00|\hdlat\d
=041  \\$alat
=100  \\$aMartialis, Marcus Valerius$d40-104$4aut$1http://www.wikidata.org/entity/Q2098$95051
=100  \\$aCollesso, Vincentius$4aut$95052
=245  \\$aEpigrammatum libros XV$binterpretatione et notis illustravit Jussu Christianissimi Regis, ad usum Serenissimi Delphini
=246  \1$aDelphini
=260  \\$aParis$bCellier$c1680
=300  \\$a[xxx]-793-[i]-59-168 pages$bleather bound, gilded embossed spine, marbled endpapers, engraved frontispiece and title page
=500  \\$aMarcus Valerius Martialis was a Roman poet from Hispania (modern Spain) best known for his twelve books of Epigrams, published in Rome between AD 86 and 103, during the reigns of the emperors Domitian, Nerva and Trajan. In these short, witty poems he cheerfully satirises city life and the scandalous activities of his acquaintances, and romanticises his provincial upbringing. He wrote a total of 1,561 epigrams, of which 1,235 are in elegiac couplets. Martial has been called the greatest Latin epigrammatist and is considered the creator of the modern epigram. Along with Roman graffiti, the Epigrams are important sources for Latin obscene words.  
=500  \\$aNothing is known of this Vincentius Collesso, who claims to be a jurist and has no other publications to his name. Even his name is unstable: it is Vincentius Collesso at the head of the edition, Vincentius Colessus in the catalogue of the Ad usum Delphini collection found at the end of the preface to Ausone's edition (1730), Vincentius Collesius in the Bibliotheca Latina of J. A. Fabricius (t. 1, p. 465), Vincent Collés in the Nouvelle Biographie générale, t. 33, p. 1019, Vincent Collesson in the Catalogue général des livres imprimés de la BN, and finally Colesson in the British Museum Catalogue of printed Books. Given the poor philological quality of this work, there is no reason to regret that the name of its author has been forgotten.
=500  \\$aelaborate frontispiece engraving by L.Moreau
=504  \\$ahttps://books.openedition.org/ugaeditions/2958?lang=en#authors
=504  \\$aContains an extensive index of 168 pages
=561  \\$aEx libris J. Buckle (Plate)
=648  \0$1http://www.wikidata.org/entity/Q486761$aClassical Antiquity (8th Century BC-6th Century AD)$921435
=648  \0$1http://www.wikidata.org/entity/Q7016$a17th Century (1601-1700)$920923
=650  \0$aSatire$1http://www.wikidata.org/entity/Q128758$921636
=650  \0$aPoetry$1http://www.wikidata.org/entity/Q482$93026
=650  \0$aHistory$1http://www.wikidata.org/entity/Q309$921403
=651  \0$1http://www.wikidata.org/entity/Q220$aRome (Italy)$949
=856  \\$uhttps://books.google.be/books?id=WVwsAQAAMAAJ$3Google Books
=942  \\$cBOO
=952  \\$00$10$2ddc$40$6KTS_1_000000000000000_C3_32_02C01$70$8RAR$9258$aORPH$bORPH$cKTS1_C3$d2020-07-08$eKoopman$l0$oKTS1 C3.32 02C01$p20145879$r2021-01-12 00:00:00$w2021-01-12$yBOO
=999  \\$d258

