=LDR  02791aam a2200337   4500
=001  259
=008  231004s1777\\\\||||||||\||||\00|\m\dut\d
=041  \\$adut
=100  \\$aStoke, Melis$dc.1235-c.1305$4aut$1http://www.wikidata.org/entity/Q380956$95053
=245  \\$aRijmkronijk$bmet Historie- Oudheid- en Taalkundige Aanmerkingen$n1-3/3
=260  \\$aLeiden$bMair, le$c1772
=300  \\$a[viii]-615 pages$bmarbled cardboard binding, linen corners, gilde embossed linen spine, marbled endpapers
=500  \\$aMelis Stoke was a Dutch writer who lived in the 13th century. He started writing in 1290 in Middle Dutch a chronicle in rhyme on the countship of Holland. His most famous work was the Rijmkroniek, the chronicle in rhyme, among the first books written in the Dutch language. In it is the account of the murder of count Floris V. Stoke found his information from written sources, eyewitness accounts and his own observations. Among modern historians, however, he is not known for his historical reliability.
=500  \\$aRhyming chronicles are chronological descriptions of historical facts and persons set in rhyme. The genre of the vernacular rhyming chronicle originated in Holland and Flanders in the mid-13th century and remained in vogue until the second half of the 15th century.
=561  \\$aEx libris G. Verhaar (manuscript)
=648  \0$1http://www.wikidata.org/entity/Q12554$aMiddle Ages (500-1400)$920964
=648  \0$1http://www.wikidata.org/entity/Q7015$a18th Century (1701-1800)$920899
=650  \0$aHistory$1http://www.wikidata.org/entity/Q309$921403
=650  \0$aPoetry$1http://www.wikidata.org/entity/Q482$93026
=650  \0$aPhilology$1http://www.wikidata.org/entity/Q40634$925506
=651  \0$1http://www.wikidata.org/entity/Q55$aNetherlands$9173
=651  \0$1http://www.wikidata.org/entity/Q234$aFlanders (Belgium)$989
=700  \\$1http://www.wikidata.org/entity/Q2480672$aHuydecoper, Balthazar$d1695-1778$910567
=856  \\$uhttps://books.google.be/books?id=wRtbAAAAQAAJ$3vol. 1
=856  \\$uhttps://books.google.be/books?id=CmkTAAAAQAAJ$3vol. 2
=856  \\$uhttps://books.google.be/books?id=8YNFAAAAcAAJ$3vol. 3
=942  \\$cBOO
=952  \\$00$10$2ddc$3vol. 1$40$6KTS_1_000000000000000_C3_32_02C02_01$70$8RAR$9259$aORPH$bORPH$cKTS1_C3$d2020-07-08$eKoopman$l0$oKTS1 C3.32 02C02_01$p20145876$r2021-01-12 00:00:00$w2021-01-12$yBOO
=952  \\$00$10$2ddc$3vol. 2$40$6KTS_1_000000000000000_C3_32_02C02_02$70$8RAR$922977$aORPH$bORPH$cKTS1_C3$d2020-07-08$eKoopman$l0$oKTS1 C3.32 02C02_02$p20145877$r2023-10-04 00:00:00$w2021-01-12$yBOO
=952  \\$00$10$2ddc$3vol. 3$40$6KTS_1_000000000000000_C3_32_02C02_03$70$8RAR$922978$aORPH$bORPH$cKTS1_C3$d2020-07-08$eKoopman$l0$oKTS1 C3.32 02C02_03$p20145878$r2023-10-04 00:00:00$w2021-01-12$yBOO
=999  \\$d259

