=LDR  01865aam a2200289   4500
=001  260
=008  211012s1750\\\\\\\|||||\||||\00|\0\mul\d
=041  \\$agrc$alat
=100  \\$aÆlian$dc. 175-c. 235$4aut$1http://www.wikidata.org/entity/Q313782$95055
=245  \\$aPeri zoon iaiotètos = De natura animalium$bLibri XVII
=260  \\$aBasel$bBrandmuller$c1750
=300  \\$a2 volumes (xii-xxix-[xxxix]-1128-[92] pages)
=500  \\$aDescriptions of animal behaviour associated with humans
=504  \\$acontains extensive indexes both in Greek as well as in Latin
=563  \\$aCardboard binding, leather corners and spine
=590  \\$aCum animadversionibus Conradi Gesneri, et Danielis Wilhelmi Trilleri: curante Abrahamo Gronovio, Qui et suas Adnotationes adjectit. Pars I. Pars Altera.
=648  \0$aClassical Antiquity (8th Century BC-6th Century AD)$1http://www.wikidata.org/entity/Q486761$921435
=648  \0$a18th Century (1701-1800)$1http://www.wikidata.org/entity/Q7015$920899
=650  \0$aScience$1http://www.wikidata.org/entity/Q7991$921650
=700  \\$4cmm$aGessner, Conrad$d1516-1565$1http://www.wikidata.org/entity/Q60116$95056
=700  \\$4cmm$aGronovius, Abraham$d1695-1775$1http://www.wikidata.org/entity/Q21543042$95057
=700  \\$4cmm$aTriller, Daniel Wilhelm$d1695-1782$1http://www.wikidata.org/entity/Q1162958$95058
=856  \\$uhttps://lib.ugent.be/catalog/bkt01:000411855$3Universiteitsbibliotheek UGent
=942  \\$cBOO
=952  \\$00$10$2ddc$3vol. 1$40$6KTS_1_000000000000000_C3_32_02C03_01$70$8RAR$9260$aORPH$bORPH$cKTS1_C3$d2020-07-08$eKoopman$l0$oKTS1 C3.32 02C03_01$p20145880$r2021-01-12 00:00:00$w2021-01-12$yBOO
=952  \\$00$10$2ddc$3vol. 2$40$6KTS_1_000000000000000_C3_32_02C03_02$70$8RAR$922979$aORPH$bORPH$cKTS1_C3$d2020-07-08$eKoopman$l0$oKTS1 C3.32 02C03_02$p20145881$r2023-10-04 00:00:00$w2021-01-12$yBOO
=999  \\$d260

