=LDR  02318aam a2200313   4500
=001  263
=008  231005s1701\\\\||||||||\||||\00|\0\lat\d
=041  \\$alat$hgrc
=100  \\$aÆlian$dc. 175-c. 235$4aut$1http://www.wikidata.org/entity/Q313782$95055
=245  \\$aVaria historia$nVols. 1-2
=246  \1$aPoikílē historía
=260  \\$aLeiden$bDu Vivié$bSeverinus$c1701
=300  \\$a2 vols. in 1 ([62]-1018-[226] pages)$bbound in vellum, two parts with continuous page numbers, engraved title page
=500  \\$aÆlianus (c. 175-235) offers a wide panorama on the Greek-Roman world in his Greek writings
=500  \\$aJacob Perizonius was a professor of history and ancient literature at the universities of Leiden and Franeker. With this edition of the Varia Historia he stated the author of this text is not the same as the author of the 'Tactica'. 
=500  \\$aJacob Perizonius was a keen book collector, he left an important collection of early books and manuscripts to the Univerity Library of Leiden. 
=500  \\$aA classic text commentary with the Greek text in the first column, a Latin translation in the second, and notes (in Latin) below.
=590  \\$aAd MStos Codices nunc primum recognita & castigata, Cum Versione Justi Vulteji, Sed innumeris in locis ad Graecum Auctoris Contextum Commentario Jacobi Perizonii. Accedunt Indices, & plures, & superioribus longe locupletiores
=648  \0$1http://www.wikidata.org/entity/Q7015$a18th Century (1701-1800)$920899
=648  \0$1http://www.wikidata.org/entity/Q486761$aClassical Antiquity (8th Century BC-6th Century AD)$921435
=650  \0$aMythology$1http://www.wikidata.org/entity/Q9134$921600
=650  \0$aHistory$1http://www.wikidata.org/entity/Q309$921403
=650  \0$aPhilology$1http://www.wikidata.org/entity/Q40634$925506
=651  \0$1http://www.wikidata.org/entity/Q43631$aLeiden (Netherlands)$978
=700  1\$1http://www.wikidata.org/entity/Q963519$4edt$aPerizonius, Jacobus$d1651-1715$926570
=856  \\$uhttp://www.mdz-nbn-resolving.de/urn/resolver.pl?urn=urn:nbn:de:bvb:12-bsb10234462-6$3Bavarian State Library
=942  \\$cBOO
=952  \\$00$10$2ddc$40$6KTS_1_000000000000000_C3_32_02C06$70$8RAR$9263$aORPH$bORPH$cKTS1_C3$d2020-07-08$eKoopman$l0$oKTS1 C3.32 02C06$p20145890$r2021-01-12 00:00:00$w2021-01-12$yBOO
=999  \\$d263

