=LDR  01493aam a2200265   4500
=001  264
=008  231005s1888\\\\|||a||||\||||\00|\0\eng\d
=041  \\$aeng
=100  1\$aLocher, Carl$d1843-1915$4aut$95065
=245  \\$aAn Explanation of the Organ Stops with Hints for Effective Combinations
=260  \\$aLondon$bPaul$c1888
=300  \\$a[xii]-77 pages
=500  \\$aOriginally published as 'Die Orgel-Register und ihre Klangfarben sowie die damit verwandten akustischen Erscheinungen und wirksamen Mischungen' (1887)
=500  \\$aexplanations of organ stops in alphabetical order, with some illustrations
=590  \\$aBy Carl Locher, chief organist at the Catholic Church ar Berne. Translated with the author's permission by Agnes Schauenburg. With Illustrations.
=648  \0$1http://www.wikidata.org/entity/Q6955$a19th Century (1801-1900)$920935
=650  \0$aOrganology$1http://www.wikidata.org/entity/Q899293$921400
=650  \0$aOrgan$1http://www.wikidata.org/entity/Q1444$92810
=650  \0$aOrgan stop$1http://www.wikidata.org/entity/Q1446290$93297
=650  \0$aOrgan registration$1http://www.wikidata.org/entity/Q7309439$923402
=700  \\$4trl$95066$aSchauenburg, Agnes
=856  \\$uhttps://archive.org/details/cu31924022420800/page/n8/mode/2up$3Internet Archive
=942  \\$cBOO
=952  \\$00$10$2ddc$40$6KTS_1_000000000000000_C3_32_02C07$70$8RAR$9264$aORPH$bORPH$cKTS1_C3$d2020-07-08$eKoopman$l0$oKTS1 C3.32 02C07$p20145891$r2021-01-12 00:00:00$w2021-01-12$yBOO
=999  \\$d264

