=LDR  01876aab a2200217   4500
=001  265
=008  231004m18791880|||foa||\||||\00|\0deng\d
=041  \\$aeng
=100  \\$aScott, Clement$d1841-1904$4edt$1http://www.wikidata.org/entity/Q5131401$95067
=245  \\$aThe Theatre. A Monthly Review of the Drama, Music and the Fine Arts.$bvol. 2 - New Series. February-July 1879; July-December 1880
=260  \\$aLondon$bWyman & Sons$bDicken & Evans$c1879-80
=300  \\$a2 vols. (iv-410+382 pages)$bbound in green embossed and gilded linen, insterted photographs, illustrations
=500  \\$aThe Theatre was a magazine published in London between 1877 and 1897. It contained reviews of theatre productions around the world, theatrical news, short stories, verse and biographical sketches of important figures of the time, written by prominent critics, playwrights, managers and actors, and illustrated with Woodburytype photographs. Its longest-serving editor was Clement Scott, the most influential British drama critic of his time, and under his editorship The Theatre was regarded as the leading British theatre magazine. 
=648  \0$1http://www.wikidata.org/entity/Q6955$a19th Century (1801-1900)$920935
=650  \0$aTheater criticism$1http://www.wikidata.org/entity/Q2416230$921632
=650  \0$aTheater history$1http://www.wikidata.org/entity/Q1061140$94607
=650  \0$aActing$1http://www.wikidata.org/entity/Q222749$92807
=942  \\$cPER
=952  \\$00$10$2ddc$3july-december 1880$40$6KTS_1_000000000000000_C3_32_02C04_01$70$8RAR$9265$aORPH$bORPH$cKTS1_C3$d2020-07-08$eKoopman$l0$oKTS1 C3.32 02C04_01$p20145882$r2021-01-12 00:00:00$w2021-01-12$yBOO
=952  \\$00$10$2ddc$3february-july 1879$40$6KTS_1_000000000000000_C3_32_02C04_02$70$8RAR$922980$aORPH$bORPH$cKTS1_C3$d2020-07-08$eKoopman$l0$oKTS1 C3.32 02C04_02$p20145883$r2023-10-04 00:00:00$w2021-01-12$yBOO
=999  \\$d265

