=LDR  01295aam a2200253   4500
=001  266
=008  231006s1825\\\\||||||||\||||\00|\0\eng\d
=041  \\$aeng
=100  \\$aPonder, Paul$4aut$95068
=245  \\$aNoctes atticæ, $bor Reveries in a Garret
=260  \\$aLondon$aBath$bLongman$bCruttwell$c1825
=300  \\$a2 vols. in 1 (xii-228-x-228 pages)$btwo labels on spine
=500  \\$aPaul Ponder is a pseudonym 
=500  \\$aContains short chapters on a wide variety of subjects, with quotes, anecdotes and opinions on literature, society, anything. 
=561  \\$aEx libris Harold L. Wright 2/9/43 (pencil on flyleaf)
=590  \\$aContaining short, and chiefly original , observations on men and books. 
=648  \0$1http://www.wikidata.org/entity/Q6955$a19th Century (1801-1900)$920935
=650  \0$1http://www.wikidata.org/entity/Q25457248$aMoral education$93171
=650  \0$1http://www.wikidata.org/entity/Q8425$aSociety$94658
=651  \0$1http://www.wikidata.org/entity/Q21$aUnited Kingdom$9273
=856  \\$uhttps://books.google.be/books?id=hPcSlc5TOLgC$3Google Books
=942  \\$cBOO
=952  \\$00$10$2ddc$40$6KTS_1_000000000000000_C3_32_02C09$70$8RAR$9266$aORPH$bORPH$cKTS1_C3$d2020-07-08$eKoopman$l0$oKTS1 C3.32 02C09$p20145893$r2021-01-12 00:00:00$w2021-01-12$yBOO
=999  \\$d266

