=LDR  01028aam a2200217   4500
=001  267
=008  231006s1889\\\\||||||||\||||\00|\p\dut\d
=041  \\$adut
=100  \\$aGorter, Herman$d1864-1927$4aut$1http://www.wikidata.org/entity/Q325191$95069
=245  \\$aMei.$bEen Gedicht
=250  \\$a1st ed.
=260  \\$aAmsterdam$bVersluys$c1889
=300  \\$a194 pages$bdark red cover with floral decoration and gilt lettering
=500  \\$aHerman Gorter (1864-1927) was a leading member of the Tachtigers
=648  \0$1http://www.wikidata.org/entity/Q6955$a19th Century (1801-1900)$920935
=650  \0$aPoetry$1http://www.wikidata.org/entity/Q482$93026
=651  \0$1http://www.wikidata.org/entity/Q55$aNetherlands$9173
=856  \\$uhttps://www.dbnl.org/tekst/gort004mei_01_01/$3Digital Library for Dutch Literature (DBNL)
=942  \\$cBOO
=952  \\$00$10$2ddc$40$6KTS_1_000000000000000_C3_32_02C11$70$8RAR$9267$aORPH$bORPH$cKTS1_C3$d2020-07-08$eKoopman$l0$oKTS1 C3.32 02C11$p20145894$r2021-01-12 00:00:00$w2021-01-12$yBOO
=999  \\$d267

