=LDR  02736aam a2200325   4500
=001  268
=008  231006s1697\\\\|||abf||\||||\00|\0\lat\d
=041  \\$alat$ager
=100  1\$aWagenseil, Johann Christoph$d1633-1705$4aut$1http://www.wikidata.org/entity/Q68309$926575
=245  \\$aDe sacri Rom. imperii libera Civitate Noribergensi commentatio
=250  \\$a1st ed.
=260  \\$aAltdorf$bKohlesius$c1697
=300  \\$a576-[viii] pages + 12 plates$bengraved portrait as frontispiece, titlepage in black and red, with fold out plates, in latin and german, contains music  
=500  \\$aA Latin history of Nuremberg.
=500  \\$aContains the appendix 'Buch von der Meister-Singer holdseligen Kunst, Anfang, Fortübung, Nutzbarkeiten, und Lehrsätzen', which is the first research into the Meistersinger tradition. It discusses the origin of the guild, their Tabulaturen and customs. It also includes music examples by Müglin, Heinrich Frauenlob, Der Marner and Barthel Regenbogen. Though its accuracy has been doubted since the time of its publication, it remains an important account and formed the basis of accounts by Jean Paul and E. T. A. Hoffmann, as well as Richard Wagner's opera Die Meistersinger von Nürnberg. [after wikipedia article on Johann Christoph Wagenseil]
=500  \\$aJohann Christoph Wagenseil (1633-1705), not to be confused with the composer Georg Christoph, was a historian, jurist and Hebraist
=500  \\$aContains plates: portrait (frontispiece) / fold out map of Nuremberg (page 7) / fold out at page 66 / plate page 138 / fold out plate heraldics page 183 / plate page 235 / fold out plate page 246 / plate page 275 / 12 pages of music after page 576 / 4 plates after the music
=500  \\$aIn both Latin and German
=500  \\$aWith a musical appendix: "Der Meisterliche Hort / in vier gekrönten Thönen"
=561  \\$aEx libris Francisci Driuzzo 1830 (ms on back of titlepage)
=590  \\$aAccedit, de Germaniae Phonascorum Von Der Meister-Singer origine, praestantia, utilitate, et institutis, sermone vernaculo liber
=648  \0$1http://www.wikidata.org/entity/Q7016$a17th Century (1601-1700)$920923
=650  \0$aMusic history$1http://www.wikidata.org/entity/Q846047$921373
=650  \0$aHistoriography$1http://www.wikidata.org/entity/Q50675$921801
=650  \0$aHistory$1http://www.wikidata.org/entity/Q309$921403
=651  \0$1http://www.wikidata.org/entity/Q2090$aNuremberg (Germany)$921596
=856  \\$uhttps://books.google.be/books?id=GEhNAAAAcAAJ$3Google Books
=942  \\$cBOO
=952  \\$00$10$2ddc$40$6KTS_1_000000000000000_C3_32_02C12$70$8RAR$9268$aORPH$bORPH$cKTS1_C3$d2020-07-08$eKoopman$l0$oKTS1 C3.32 02C12$p20145895$r2021-01-12 00:00:00$w2021-01-12$yBOO
=999  \\$d268

