=LDR  02275aam a2200313   4500
=001  270
=008  210622s1708\\\\\\\|||||\||||\00|\0\lat\d
=041  \\$alat
=100  \\$1http://www.wikidata.org/entity/Q2054$4aut$aSeneca, Lucius Annæus$dc. 4 BC-65 AD$94831
=245  \\$aSingulares Sententiæ
=246  \1$aSententiae singulares
=260  \\$aLeiden$bDu Vivié$c1708
=300  \\$a[24]-569-[v] pages$bbound in leather, engraved titlepage, titlepage in black and red, restored back with gilt decorations
=500  \\$aFalsely attributed to Seneca
=500  \\$aPublilus Syrus was a Latin writer from the first century BC, famous for his 'sententiae' (maxims, sayings) like Quamvis non rectum quod iuvat rectum putes (It may not be right but if it pays think it so).
=561  \\$aEx libris Mark Pattison Lincoln College Oxon (blind stamp on titlepage)
=561  \\$aEx libris Dominican Father Edinburgh (stamp on back of titlepage)
=590  \\$aL. Annaei Senecae & P. Syri Mimi, Forsan etiam aliorum, Singularies Sententiae, Centum aliquot versibus ex Codd. Pall. & Frising. auctae & correctae, Studio & opera Jani Gruteri. Cum Notis ejusdem recogniris & castigatis. Accedunt ejusdem Notae Postumae Ut & Nova versio Graeca Josephi Scaligeri Jul. Cae. F. Nunc primum ex utrisque autographis adornata & in luce edita
=648  \0$1http://www.wikidata.org/entity/Q486761$aClassical Antiquity (8th Century BC-6th Century AD)$921435
=648  \0$1http://www.wikidata.org/entity/Q7015$a18th Century (1701-1800)$920899
=650  \0$aMoral education$1http://www.wikidata.org/entity/Q25457248$93171
=650  \0$aPhilology$1http://www.wikidata.org/entity/Q40634$925506
=700  \\$4aut$aPublilius Syrus$dfl. 1st century BC$1http://www.wikidata.org/entity/Q363375$95074
=700  \\$4ctb$aGruterus, Janus$d1560-1627$1http://www.wikidata.org/entity/Q64263$95075
=700  \\$4ctb$aScaliger, Joseph Juste$d1540-1609$1http://www.wikidata.org/entity/Q315163$95076
=856  \\$uhttps://books.google.be/books?id=z39HAAAAYAAJ&pg=PP9#v=onepage&q&f=false$3Google Books
=942  \\$cBOO
=952  \\$00$10$2ddc$40$6KTS_1_000000000000000_C3_32_02C08$70$8RAR$9270$aORPH$bORPH$cKTS1_C3$d2020-07-08$eKoopman$l0$oKTS1 C3.32 02C08$p20145892$r2021-01-12 00:00:00$w2021-01-12$yBOO
=999  \\$d270

