=LDR  01556adm a2200325   4500
=001  271
=005  20250923161048.0
=008  210305b\\\\\\\\be\||l||\||||\00|\0\fre\d
=041  \\$afre
=047  \\$asg
=059  \\$av pf/hp
=100  \\$aBartel, Josephine$4cmp$95080
=245  \\$aSix romances mises en musique avec accompagnement de forté-piano
=246  \1$aSouvenir Joséphine Bartel
=260  \\$aFrance [?]$cs.d.
=300  \\$a13 pages
=500  \\$aA very beautiful volume containing six songs in a neat hand: calligraphed title page with gold decoration 
=500  \\$aAccompaniment for 'Piano ou Harpe"
=505  \\$gLoin d'elle et Près d'elle / Le Départ / Il Reviendra! / Le Bonheur / L'Amour vaincu par l'Amitié / A. *** sur l'immortalité de l'Ame
=561  \\$aBooksellers label "Broust M[aison] de Papiers, Rue des Carnes No. 49, a Rouen"
=563  \\$aRed leather binding with delicate gilt decorations and lettering, silk (?) end papers
=590  \\$aPar Mademoiselle Joséphine Bartel
=648  \0$1http://www.wikidata.org/entity/Q6955$a19th Century (1801-1900)$920935
=650  \0$aSong$1http://www.wikidata.org/entity/Q7366$94164
=650  \0$aFemale$1http://www.wikidata.org/entity/Q6581072$921764
=651  \0$1http://www.wikidata.org/entity/Q142$aFrance$9131
=942  \\$cSCO
=952  \\$00$10$2ddc$40$6KTS_1_000000000000000_C3_32_02C14$70$8RAR$9271$aORPH$bORPH$cKTS1_C3$d2020-07-08$eKoopman$l0$oKTS1 C3.32 02C14$p20136059$r2021-01-12 00:00:00$w2021-01-12$ySCO
=999  \\$d271
=533  \\$aDigitized by iGuana, Spring 2025.

