=LDR  01330aam a2200241   4500
=001  273
=008  231006b\\\\\\\\|||a||||\||||\00|\p\dut\d
=041  \\$adut
=100  \\$aCats, Jacob$d1577-1660$4aut$1http://www.wikidata.org/entity/Q46151$95081
=245  \\$aEmblemata moralia et æconomica
=260  \\$as.l.$bs.n.$c1620
=300  \\$a91 pages$b7 vols. by Cats in a 19th c. binding
=501  \\$aBound in with: Proteus ofte Minne-beelden verandert in Sinne-beelden / Emblemata (in linguam anglicam transfusa) / Argumentum Anna & Phyllis / Galathee ofte harder minne-klachte / Self-strydt / Toneel van de mannelicke achtbaerheyt
=648  \0$1http://www.wikidata.org/entity/Q7016$a17th Century (1601-1700)$920923
=650  \0$aPoetry$1http://www.wikidata.org/entity/Q482$93026
=650  \0$aMoral education$1http://www.wikidata.org/entity/Q25457248$93171
=650  \0$aEmblem$1http://www.wikidata.org/entity/Q112110$93250
=651  \0$1http://www.wikidata.org/entity/Q55$aNetherlands$9173
=773  \\$021683$tDichtwerken van Jacob Cats$w21683
=856  \\$uhttps://books.google.be/books?id=XcivHAAACAAJ$3Google Books
=942  \\$cBOO
=952  \\$00$10$2ddc$40$6KTS_1_000000000000000_C3_32_02E01C$70$8RAR$9273$aORPH$bORPH$cKTS1_C3$d2020-07-08$eKoopman$l0$oKTS1 C3.32 02E01c$p20145897c$r2021-01-12 00:00:00$w2021-01-12$yBOO
=999  \\$d273

