=LDR  01253aam a2200229   4500
=001  274
=008  231006b\\\\\\\\|||\||||\||||\00|\p\eng\d
=041  \\$aeng
=100  \\$aCats, Jacob$d1577-1660$4aut$1http://www.wikidata.org/entity/Q46151$95081
=245  \\$aEmblemata D. Iacobi Catsii, In linguam Anglicam tranfusa
=260  \\$as.l.$bs.n.$cs.d.
=300  \\$a28 pages$b7 vols. by Cats in a 19th c. binding
=501  \\$aProteus ofte Minne-beelden verandert in Sinne-beelden / Emblemata moralia et aeconomia / Argumentum Anna & Phyllis / Galathee ofte harder minne-klachte / Self-strydt / Toneel van de mannelicke achtbaerheyt
=648  \0$1http://www.wikidata.org/entity/Q7016$a17th Century (1601-1700)$920923
=650  \0$aPoetry$1http://www.wikidata.org/entity/Q482$93026
=650  \0$aMoral education$1http://www.wikidata.org/entity/Q25457248$93171
=650  \0$aEmblem$1http://www.wikidata.org/entity/Q112110$93250
=651  \0$1http://www.wikidata.org/entity/Q55$aNetherlands$9173
=773  \\$021683$tDichtwerken van Jacob Cats$w21683
=942  \\$cBOO
=952  \\$00$10$2ddc$40$6KTS_1_000000000000000_C3_32_02E01B$70$8RAR$9274$aORPH$bORPH$cKTS1_C3$d2020-07-08$eKoopman$l0$oKTS1 C3.32 02E01b$p20145897b$r2021-01-12 00:00:00$w2021-01-12$yBOO
=999  \\$d274

