=LDR  03000aam a2200421   4500
=001  275
=008  231006s1627\\\\|||a||||\||||\00|\m\dut\d
=041  \\$adut$alat$afre
=100  \\$aCats, Jacob$d1577-1660$4aut$1http://www.wikidata.org/entity/Q46151$95081
=245  \\$aProteus, ofte Minne-beelden verandert in Sinne-beelden
=250  \\$aRev. ed.
=260  \\$aRotterdam$bWadenoyen$c1627
=300  \\$a[iv]-40-315 pages
=500  \\$aDedicated to the mayor and aldermen of Rotterdam, with dedicatory poems by Daniel Heinsius, Adrianus Hofferus, Josuah Sylvester, and Anna Visscher (Roemers)
=500  \\$aEmblemata (sinne-beelden): each motto or maxim has an engraved picture with an explanation: a quote in Latin and verses in Dutch, Latin and French.
=500  \\$aDaniël Heinsius (Ghent, 1580-The Hague, 1655) was one of the most famous scholars of the Dutch Renaissance; he taught poetics, classics and political science at Universiteit Leiden, which he also served as librarian.
=501  \\$aBound in with 'Emblemata (in linguam anglicam transfusa)', 'Emblemata moralia et aeconomia', 'Argumentum Anna & Phyllis', 'Galathee ofte harder minne-klachte', 'Self-strydt', and 'Toneel van de mannelicke achtbaerheyt'

=534  \\$aOriginally published as 'Sinn’- en Minne-Beelden. EMBLEMATA, Amores Moresque, spectantia. EMBLEMES Touchants les Amours et les Mœurs Meliora, latent. Tundatur, olebit' (Middelburg, 1618)
=648  \0$1http://www.wikidata.org/entity/Q7016$a17th Century (1601-1700)$920923
=650  \0$aPoetry$1http://www.wikidata.org/entity/Q482$93026
=650  \0$aMoral education$1http://www.wikidata.org/entity/Q25457248$93171
=650  \0$aEmblem$1http://www.wikidata.org/entity/Q112110$93250
=651  \0$1http://www.wikidata.org/entity/Q34370$aRotterdam (Netherlands)$962
=653  \0$adwarsfluit$3110$020145897a$w02E01a$931340
=653  \0$afluit van been$3278-279$020145897a$w02E01a$931784
=653  \0$atabak$374-77$020145897a$w02E01a$936718
=653  \0$aHeinsius, D.$320$020145897a$w02E01a$932679
=653  \0$aluit$3254-256, 258$020145897a$w02E01a$934262
=653  \0$aslagwerk$3110$020145897a$w02E01a$939152
=700  \\$aHeinsius, Daniel$d1580-1655$1http://www.wikidata.org/entity/Q918731$4ctb$95177
=700  \\$aSylvester, Josuah$d1563-1618$1http://www.wikidata.org/entity/Q14395605$4ctb$926701
=700  \\$aVisscher, Anna$d1583-1651$1http://www.wikidata.org/entity/Q2342403$4ctb$97827
=765  \\$aSinn’- en Minne-Beelden. EMBLEMATA, Amores Moresque, spectantia. EMBLEMES Touchants les Amours et les Moeurs Meliora, latent. Tundatur, olebit. Jacob Cats Middelburg 1618
=773  \\$021683$tDichtwerken van Jacob Cats$w21683
=856  \\$uhttps://babel.hathitrust.org/cgi/pt?id=uiuc.2341441&view=1up&seq=7$3Hathi Trust
=942  \\$cBOO
=952  \\$00$10$2ddc$40$6KTS_1_000000000000000_C3_32_02E01A$70$8RAR$9275$aORPH$bORPH$cKTS1_C3$d2020-07-08$eKoopman$l0$oKTS1 C3.32 02E01a$p20145897a$r2021-01-12 00:00:00$w2021-01-12$yBOO
=999  \\$d275

