=LDR  01431aam a2200241   4500
=001  276
=008  231006b\\\\\\\\||||||||\||||\00|\p\dut\d
=041  \\$adut
=100  \\$aCats, Jacob$d1577-1660$4aut$1http://www.wikidata.org/entity/Q46151$95081
=245  \\$aGalathee ofte harder minneklachten
=246  \1$aGalathee, ofte Harders-Klachte
=260  \\$as.l.$bs.n.$c1629c
=300  \\$a55 pages$b7 vols. by Cats in a 19th c. binding
=500  \\$aThere exists an ed. from The Hague, 1629, see https://books.google.be/books?id=xM1mAAAAcAAJ
=500  \\$aWith engraved illustrations, a frontipsiece depicting Galatee, a full page Phyllis (Adriaan van de Venne) next to page 48 and some smaller illustrations. 
=501  \\$aBound in with: Proteus ofte Minne-beelden verandert in Sinne-beelden / Emblemata (in linguam anglicam transfusa) / Emblemata moralia et aeconomia / Argumentum Anna & Phyllis / Self-strydt / Toneel van de mannelicke achtbaerheyt
=648  \0$1http://www.wikidata.org/entity/Q7016$a17th Century (1601-1700)$920923
=650  \0$aPoetry$1http://www.wikidata.org/entity/Q482$93026
=651  \0$1http://www.wikidata.org/entity/Q55$aNetherlands$9173
=773  \\$021683$tDichtwerken van Jacob Cats$w21683
=942  \\$cBOO
=952  \\$00$10$2ddc$40$6KTS_1_000000000000000_C3_32_02E01E$70$8RAR$9276$aORPH$bORPH$cKTS1_C3$d2020-07-08$eKoopman$l0$oKTS1 C3.32 02E01e$p20145897e$r2021-01-12 00:00:00$w2021-01-12$yBOO
=999  \\$d276

