=LDR  01702aam a2200277   4500
=001  277
=005  20250926134853.0
=008  231010m18731880|||g||||\||||\00|\0bger\d
=041  \\$ager
=100  \\$aSpitta, Philipp$d1841-1894$4aut$1http://www.wikidata.org/entity/Q61567$913873
=245  \\$aJohann Sebastian Bach$nvols. 1-2
=250  \\$a1st ed.
=260  \\$aLeipzig$bBreitkopf & Härtel$c1873-80
=300  \\$a2 vols. (xxviii-855-6+xiv-1014-20 pages)$bmusic examples
=500  \\$aJulius August Philipp Spitta (1841-1894) was a German music historian and musicologist best known for this biography of Johann Sebastian Bach. In his Bach biography, he wrote the first major study of German choral and keyboard music of the 17th century
=600  \0$aBach, Johann Sebastian$d1685-1750$1http://www.wikidata.org/entity/Q1339$94766
=648  \0$a19th Century (1801-1900)$1http://www.wikidata.org/entity/Q6955$920935
=650  \0$aMusic history$1http://www.wikidata.org/entity/Q846047$921373
=650  \0$aComposer$1http://www.wikidata.org/entity/Q36834$93625
=650  \0$aBiography$1http://www.wikidata.org/entity/Q36279$91927
=651  \0$aLeipzig (Germany)$1http://www.wikidata.org/entity/Q2079$945
=856  \\$uhttps://books.google.be/books?id=HxkDAAAAYAAJ$3Google Books
=942  \\$cBOO
=952  \\$00$10$2ddc$3Erster band$40$6KTS_1_000000000000000_C3_33_02E02$70$8RAR$9277$aORPH$bORPH$cKTS1_C3$d2020-07-08$eKoopman$l0$oKTS1 C3.33 02E02$p20145875$r2021-01-12 00:00:00$w2021-01-12$yBOO
=952  \\$00$10$2ddc$3Zweiter band$40$6KTS_1_000000000000000_C3_33_02E03$70$8RAR$922984$aORPH$bORPH$cKTS1_C3$d2020-07-08$eKoopman$l0$oKTS1 C3.33 02E03$p20145873$r2023-10-10 00:00:00$w2021-01-12$yBOO
=999  \\$d277

