=LDR  01594aam a2200265   4500
=001  278
=008  231006s1618\\\\|||a||||\||||\00|\0\lat\d
=041  \\$alat
=100  \\$aSchoonhoven, Florentius$d1594-1648$4aut$1http://www.wikidata.org/entity/Q2698477$95083
=245  \\$aEmblemata Partim Moralia partim etiam Civilia
=260  \\$aGouda$bBurier$c1618
=300  \\$a[viii]-251 pages$billustrations
=500  \\$aEmblemata, engraved illustrations with text and explanations in Latin; engraved title page, portrait of the author and many other engraved illustrations
=561  \\$aEx libris Jan Gijs 1771 (doodling in back of book); name of former owner (1664) crossed out on titlepage
=563  \\$aBound in vellum
=590  \\$aEmblemata Florentii Schoonhovii I.C. Goudani, Partim Moralia partim etiam Civilia. Cum latiori eorundem ejusdem Auctoris interpretatione. Accedunt et alia quaedam Poematia in aliis Poematum suorum libris non contenta.
=648  \0$1http://www.wikidata.org/entity/Q7016$a17th Century (1601-1700)$920923
=650  \0$aPoetry$1http://www.wikidata.org/entity/Q482$93026
=650  \0$aMoral education$1http://www.wikidata.org/entity/Q25457248$93171
=650  \0$aEmblem$1http://www.wikidata.org/entity/Q112110$93250
=651  \0$1http://www.wikidata.org/entity/Q55$aNetherlands$9173
=856  \\$uhttps://books.google.be/books?id=6cNkAAAAcAAJ$3Google Books
=942  \\$cBOO
=952  \\$00$10$2ddc$40$6KTS_1_000000000000000_C3_32_02E04$70$8RAR$9278$aORPH$bORPH$cKTS1_C3$d2020-07-08$eKoopman$l0$oKTS1 C3.32 02E04$p20145898$r2021-01-12 00:00:00$w2021-01-12$yBOO
=999  \\$d278

