=LDR  01987aam a2200265   4500
=001  279
=008  231006s1625\\\\|||a||||\||||\00|\p\dut\d
=041  \\$adut
=100  \\$aCats, Jacob$d1577-1660$4aut$1http://www.wikidata.org/entity/Q46151$95081
=245  \\$aSelf-Strydt, dat is Krachtige beweginghe van Vleesch ende Geest
=260  \\$aMiddelburg$bvande Venne$c1625
=300  \\$a[33]-119 pages
=500  \\$aFor an earlier ed. by the same printer, see 03H10
=500  \\$awith several engraved illustrations
=501  \\$aBound in with 'Proteus ofte Minne-beelden verandert in Sinne-beelden', 'Emblemata (in linguam anglicam transfusa)', 'Emblemata moralia et æconomia', 'Argumentum Anna & Phyllis', 'Galathee ofte harder minne-klachte', and 'Toneel van de mannelicke achtbaerheyt'
=534  \\$aOriginally published in 1620$ohttps://books.google.be/books?id=ohBiAAAAcAAJ
=590  \\$aPoëtischer wijse vertoont in den persoon ende uyt de gelegentheyt van Joseph, ten tijde hy van Potiphars huysvrouwe wert versocht tot overspel. Derde druck. Op nieuws verciert met Koepre Platen ; ten derdemael oversien, verbetert, ende vermeerdert by den Auteur, met by-vouginge van de af-beeldinge des Velt-teyckens eenes Christeikcken Iongelinx, allen eerbaren Ionghelingen toe-geeyghent. Mitsgaders Schriftmatighe beschrijvinghe van de geheymenis ende eygenschap des Christeliciken Self-strijts, met korte verclaringe op de selve
=648  \0$1http://www.wikidata.org/entity/Q7016$a17th Century (1601-1700)$920923
=650  \0$aPoetry$1http://www.wikidata.org/entity/Q482$93026
=650  \0$aMoral education$1http://www.wikidata.org/entity/Q25457248$93171
=651  \0$1http://www.wikidata.org/entity/Q55$aNetherlands$9173
=773  \\$021683$tDichtwerken van Jacob Cats$w21683
=942  \\$cBOO
=952  \\$00$10$2ddc$40$6KTS_1_000000000000000_C3_32_02E01F$70$8RAR$9279$aORPH$bORPH$cKTS1_C3$d2020-07-08$eKoopman$l0$oKTS1 C3.32 02E01f$p20145897f$r2021-01-12 00:00:00$w2021-01-12$yBOO
=999  \\$d279

