=LDR  02112aam a2200277   4500
=001  280
=005  20251029110828.0
=008  231010s1826\\\\|||a||||\||||\00|\e\dut\d
=041  \\$adut
=100  \\$aFeith, Rhijnvis$d1753-1824$4aut$1http://www.wikidata.org/entity/Q1375304$95084
=245  \\$aVerhandelingen
=260  \\$aHaarlem$bBohn$c1826
=300  \\$a246-[2] pages
=500  \\$aRhijnvis Feith (1753-1824) was a poet from Zwolle who studied law in Leiden together with Willem Bilderdijk, by whom he was influenced
=500  \\$aEdition dedicated to the family of the deceased writer, by the publishers
=505  \\$g'Verhandeling ter beantwoording der vraag: Mag en behoort het burgerlijk bestuur eenigen invloed uit te oefenen op zaken van godsdienst? – Zoo ja, – van welken aard en uitgestrektheid behoort die invloed te zijn?'
=505  \\$g'Antwoord op de vraag: Kunnen deugd en goede zeden, bij een volk, vooral in dien trap van zuiverheid en algemeenheid, waarin zij, bijzonderlijk onder ee' meer vrijen en republikeinschen regeringsvorm, schijnen gevorder te worden, eenen genoegzamen steun, en duurzamen waarborg, vinden, in de beste menschelijke voorzorgen en hulpmiddelen van wetgeving, beschaving en opvoeding, zonder eenigen hoogeren en meer krachtdadigen invloed van godsdienstige begrippen en praktijken noodig te hebben? – En wat heeft de dadelijke ondervinding onder vroegere en latere volkeren hieromtrent geleerd?'
=648  \0$a18th Century (1701-1800)$1http://www.wikidata.org/entity/Q7015$920899
=648  \0$a19th Century (1801-1900)$1http://www.wikidata.org/entity/Q6955$920935
=650  \0$aReligion$1http://www.wikidata.org/entity/Q9174$93062
=650  \0$aMoral education$1http://www.wikidata.org/entity/Q25457248$93171
=651  \0$aNetherlands$1http://www.wikidata.org/entity/Q55$9173
=856  \\$uhttps://books.google.be/books?id=MYVFAAAAcAAJ$3Google Books
=942  \\$cBOO
=952  \\$00$10$2ddc$40$6KTS_1_000000000000000_C3_33_02E06$70$8RAR$9280$aORPH$bORPH$cKTS1_C3$d2020-07-08$eKoopman$l0$oKTS1 C3.33 02E06$p20145902$r2021-01-12 00:00:00$w2021-01-12$yBOO
=999  \\$d280

