=LDR  01387aam a2200277   4500
=001  281
=008  231010s1688\\\\||||||||\m|||\00|\0\lat\d
=041  \\$alat
=100  \\$aKuhnau, Johann$d1660-1722$4aut$1http://www.wikidata.org/entity/Q157359$95086
=245  \\$aDivini numinis assistentia, illustrisque jure consultorum in florentissima Academia Lipsiensi Ordinis indultu jura circa musicos ecclesiasticos
=250  \\$a1st ed.
=260  \\$aLeipzig$bBanckmann$c1688
=300  \\$a[40] pages
=500  \\$aDissertation of Kuhnau's law studies at Leipzig
=563  \\$aRestored by Cor Knops
=648  \0$a17th Century (1601-1700)$1http://www.wikidata.org/entity/Q7016$920923
=650  \0$aMusic history$1http://www.wikidata.org/entity/Q846047$921373
=650  \0$aMusician$1http://www.wikidata.org/entity/Q639669$93574
=650  \0$aReligion$1http://www.wikidata.org/entity/Q9174$93062
=650  \0$aLaw$1http://www.wikidata.org/entity/Q7748$93727
=651  \0$aLeipzig (Germany)$1http://www.wikidata.org/entity/Q2079$945
=700  \\$aMylius, Andreas$4ths$95085
=856  \\$uhttps://reader.digitale-sammlungen.de/resolve/display/bsb10961961.html$3Bavarian State Library
=942  \\$cDIS
=952  \\$00$10$2ddc$40$6KTS_1_000000000000000_C3_33_02E07$70$8RAR$9281$aORPH$bORPH$cKTS1_C3$d2020-07-08$eKoopman$l0$oKTS1 C3.33 02E07$p20145874$r2021-01-12 00:00:00$w2021-01-12$yBOO
=999  \\$d281

