=LDR  01526aam a2200241   4500
=001  282
=008  231006b\\\\\\\\||||||||\||||\00|\0\ita\d
=041  \\$aita
=100  \\$aLonghi, Giovanni$4aut$95087
=245  \\$a[Biografie d'illustri maestri]
=246  \1$aMaestri di musica
=260  \\$aItaly$bs.n.$c1846c
=300  \\$a48 pages$bpages seem glued together and cut to a smaller size, no titlepage, no page numbers, no chapters, no table of contents
=500  \\$aSeries of composer's biographies: Palestrina, B. Marcello, Pergolesi, Clementi, Zingarelli, Mayr, Fioravanti, Paër, Spontini, Rossini, Pacini, Donizetti, Mercadante, Bellini, L. Ricci, Verdi (whose most recent cited date from 1845)
=500  \\$aheavy paper, almost cardboard, pages glued together. Perhaps this is not the original format of the book, content comes from a periodical or something else? There is no title, no titlepage, no page numbers. Ornaments to the side of the pages have been cut. 
=561  \\$aex libris Vincenzo Roscioni D. D. D. (ms.?)
=648  \0$1http://www.wikidata.org/entity/Q6955$a19th Century (1801-1900)$920935
=650  \0$aMusic history$1http://www.wikidata.org/entity/Q846047$921373
=650  \0$aBiography$1http://www.wikidata.org/entity/Q36279$91927
=651  \0$1http://www.wikidata.org/entity/Q38$aItaly$922
=942  \\$cBOO
=952  \\$00$10$2ddc$40$6KTS_1_000000000000000_C3_32_02E05$70$8RAR$9282$aORPH$bORPH$cKTS1_C3$d2020-07-08$eKoopman$l0$oKTS1 C3.32 02E05$p20145899$r2021-01-12 00:00:00$w2021-01-12$yBOO
=999  \\$d282

