=LDR  01889aam a2200265   4500
=001  285
=008  231010s1898\\\\|||ac|||\||||\00|\0\dut\d
=041  \\$adut
=100  \\$aBusken Huet, Conrad$d1826-1886$4aut$1http://www.wikidata.org/entity/Q1126746$95090
=245  \\$aHet land van Rembrandt:$bStudien over de Noordnederlandsche beschaving in de zeventiende eeuw$nvols. 1-3
=260  \\$aHaarlem$bWillink$c1898
=300  \\$a3 vols. (579+361-[2]+453 pages)
=500  \\$aConrad Busken Huet (1826-1886) was a Dutch writer and literary critic who played a distinguished role in 19th-century Dutch literature. This extensive study 'Het land van Rembrand', had a lasting influence on the image of the Netherlands in the seventeenth century.
=534  \\$aOriginally published in 1882-4
=590  \\$aStudien over de Noordnederlandsche beschaving in de zeventiende eeuw
=648  \0$a17th Century (1601-1700)$1http://www.wikidata.org/entity/Q7016$920923
=648  \0$a19th Century (1801-1900)$1http://www.wikidata.org/entity/Q6955$920935
=650  \0$aHistory$1http://www.wikidata.org/entity/Q309$921403
=650  \0$aCultural history$1http://www.wikidata.org/entity/Q858517$922395
=651  \0$aNetherlands$1http://www.wikidata.org/entity/Q55$9173
=942  \\$cBOO
=952  \\$00$10$2ddc$3Eerste deel$40$6KTS_1_000000000000000_C3_33_02E10_01$70$8RAR$9285$aORPH$bORPH$cKTS1_C3$d2020-07-08$eKoopman$l0$oKTS1 C3.33 02E10_01$p20145903$r2021-01-12 00:00:00$w2021-01-12$yBOO
=952  \\$00$10$2ddc$3Tweede deel$40$6KTS_1_000000000000000_C3_33_02E10_02$70$8RAR$922985$aORPH$bORPH$cKTS1_C3$d2020-07-08$eKoopman$l0$oKTS1 C3.33 02E10_02$p20145904$r2023-10-10 00:00:00$w2021-01-12$yBOO
=952  \\$00$10$2ddc$3Derde deel$40$6KTS_1_000000000000000_C3_33_02E10_03$70$8RAR$922986$aORPH$bORPH$cKTS1_C3$d2020-07-08$eKoopman$l0$oKTS1 C3.33 02E10_03$p20145905$r2023-10-10 00:00:00$w2021-01-12$yBOO
=999  \\$d285

