=LDR  01059aam a2200217   4500
=001  286
=008  231010s1879\\\\||||||||\||||\00|\0\dut\d
=041  \\$adut
=100  \\$aBusken Huet, Conrad$d1826-1886$4aut$1http://www.wikidata.org/entity/Q1126746$95090
=245  \\$aHet land van Rubens:$bBelgische reisherinneringen
=250  \\$a1st ed.
=260  \\$aAmsterdam$bLoman$c1879
=300  \\$aviii-420-[1] pages
=500  \\$aConrad Busken Huet (1826-1886) was a Dutch writer and literary critic who played a distinguished role in 19th-century Dutch literature.
=648  \0$a19th Century (1801-1900)$1http://www.wikidata.org/entity/Q6955$920935
=650  \0$aHistory$1http://www.wikidata.org/entity/Q309$921403
=650  \0$aCultural history$1http://www.wikidata.org/entity/Q858517$922395
=651  \0$aBelgium$1http://www.wikidata.org/entity/Q31$920881
=942  \\$cBOO
=952  \\$00$10$2ddc$40$6KTS_1_000000000000000_C3_33_02E11$70$8RAR$9286$aORPH$bORPH$cKTS1_C3$d2020-07-08$eKoopman$l0$oKTS1 C3.33 02E11$p20145907$r2021-01-12 00:00:00$w2021-01-12$yBOO
=999  \\$d286

