=LDR  01723    a2200301   4500
=001  287
=008  211027q18231827\\\g|l||\||||\00|\0\ger\d
=041  \\$ager
=059  \\$aorg
=100  \\$aGüntersberg, Carl$d1772-1846$4aut$95091
=245  \\$aDer fertiger Orgelspieler,$boder Casualmagazin für alle vorkommenden Fälle im Orgelspiele
=260  \\$aMeißen$bGoedsche$c[c. 1823-27]
=300  \\$a3 vols. in 1 ([vi]-88+[iv]-96-[iv]-116 pages)
=500  \\$aGüntersberg was organist to the Stadtkirche in Eisleben, see https://www.bach-digital.de/receive/BachDigitalPerson_agent_00002509
=500  \\$aAnnotations in pencil
=500  \\$aVols. 2 (Zweiter Theil, Erste Abtheilung)  and 3 (Zweiter Theil, Zweite Abtheilung) numbered through
=504  \\$aTable of contents in vol. 2 (or 3), pp. [i-iv]
=561  \\$aOriginal shelfmark? 82.43 NEF
=590  \\$aEin practisches Hand- und Hülfsbuch für Cantoren, Organisten, Landschullehrer und alle angehende Orgelspieler. Herausgegeben von C. Güntersberg, Organist an der Stadtkirche in Eisleben
=610  \0$aSt.-Petri-Pauli-Kirche (Eisleben, Germany)$1http://www.wikidata.org/entity/Q2316688$922640
=648  \0$a19th Century (1801-1900)$1http://www.wikidata.org/entity/Q6955$920935
=650  \0$aOrgan$1http://www.wikidata.org/entity/Q1444$92810
=650  \0$aMethod$1http://www.wikidata.org/entity/Q2250960$921402
=651  \0$aGermany$1http://www.wikidata.org/entity/Q183$9155
=653  \0$aorgelregistratie$3vol. 2, 15$020137521$w2000000000000$935575
=942  \\$cSCO
=952  \\$00$10$2ddc$40$6KTS_1_000000000000000_C3_32_02E12$70$8RAR$9287$aORPH$bORPH$cKTS1_C3$d2020-07-08$eKoopman$oKTS1 C3.32 02E12$p20137521$r2021-01-12 00:00:00$w2021-01-12$ySCO
=999  \\$d287

