=LDR  02209aam a2200217   4500
=001  288
=008  231010s1781\\\\|||a||||\||||\00|\p\dut\d
=041  \\$adut
=100  \\$aBilderdijk, Willem$d1756-1831$4aut$1http://www.wikidata.org/entity/Q1375186$94900
=245  \\$aMijn verlustiging
=250  \\$a1st ed.
=260  \\$aLeiden$bvan Hoogeveen$c1781
=500  \\$aWillem Bilderdijk (1756-1831) was a Dutch poet, historian, lawyer, and linguist.
=500  \\$aIt was not until 1781 that the definitive edition of Bilderdijk's first lyric collection appeared anonymously. It opened with a short introduction, defending the genre of erotic poetry 'against the timidity of heavy-handed moralists', on the grounds that even when 'the Minnedichten depict their own lust...', this is done only to 'make the sense of pleasure... (to) depend on the immaterial lust of souls ..., on that union of will, of heart, of soul, which is the essence of love'.

On closer inspection, this introduction appears to have been taken from one of the appendices to Bilderdijk's 'Verhandeling over het verband van dichtkunst en welsprekendheid met de wijsbegeerte' (1783), which was awarded a prize in 1780, and this alone largely negates the anonymity of the edition. This anonymity was in fact immediately compromised by the simultaneous publication by the same publisher of a 'Supplement', consisting of a fable signed with the letter B ('Vertelling voor de minnedichteren en hunne lezeren'), preceded by a poem of praise by François Halewijn on the collection 'Mijn Verlustiging', in which Bilderdijk is directly mentioned as the author.
(Translated by Deepl from https://www.dbnl.org/tekst/_spi007197801_01/_spi007197801_01_0009.php)
=648  \0$a18th Century (1701-1800)$1http://www.wikidata.org/entity/Q7015$920899
=650  \0$aPoetry$1http://www.wikidata.org/entity/Q482$93026
=651  \0$aNetherlands$1http://www.wikidata.org/entity/Q55$9173
=856  \\$uhttps://books.google.be/books?id=G1kTAAAAQAAJ$3Google Books
=942  \\$cBOO
=952  \\$00$10$2ddc$40$6KTS_1_000000000000000_C3_33_02E14$70$8RAR$9288$aORPH$bORPH$cKTS1_C3$d2020-07-08$eKoopman$l0$oKTS1 C3.33 02E14$p20145910$r2021-01-12 00:00:00$w2021-01-12$yBOO
=999  \\$d288

