=LDR  01557aam a2200229   4500
=001  289
=008  231010s1798\\\\||||||||\||||\00|\0\dut\d
=041  \\$adut
=245  \\$aDe zijdenteelt en kweeking van den moerbeziënboom
=260  \\$aDordrecht$bBlussé$c1798
=300  \\$avi-[i]-139-[3] pages$b2 illustrated folded sheets inserted
=490  \\$aVolledige beschrijving van alle konsten, ambachten, handwerken, fabrieken, trafieken, derzelver werkhuizen, gereedschappen, enz$v15
=500  \\$adedicated to A. B. van den Brandeler, mayor of Dordrecht and founder of a silk factory "welke tot heden bestaat, en aan veelen een eerlijk bestaan bezorgt"
=500  \\$a"Bij restauratie van dit boekje in 2018 vond Cor Knops een riemkap (papierverpakking met logo) in de band, die is losgehaald en apart bewaard want een zeldzaam geval. Bewaard in prentencollectie onder nr TK02265 (B6)"
=590  \\$aof volledige beschrijving van de zijwurmen, en derzelver voedzel; van derzelver behandeling, oppassing, spinarbeid, en al den toestel, die tot hetzelfde behoord
=648  \0$a18th Century (1701-1800)$1http://www.wikidata.org/entity/Q7015$920899
=650  \0$aScience$1http://www.wikidata.org/entity/Q7991$921650
=651  \0$aNetherlands$1http://www.wikidata.org/entity/Q55$9173
=856  \\$uhttps://books.google.be/books?id=CvyMrzuVywUC$3Google Books
=942  \\$cBOO
=952  \\$00$10$2ddc$40$6KTS_1_000000000000000_C3_33_02E15$70$8RAR$9289$aORPH$bORPH$cKTS1_C3$d2020-07-08$eKoopman$l0$oKTS1 C3.33 02E15$p20145908$r2021-01-12 00:00:00$w2021-01-12$yBOO
=999  \\$d289

