=LDR  04976    a2200745   4500
=001  291
=008  220812s1869\\\\|||g||||\||||\00|\0\ger\d
=041  \\$ager
=100  \\$aWagner, Ernst David$d1806-1883$4aut$1http://www.wikidata.org/entity/Q19999314$95093
=245  \\$aMusikalische Ornamentik$boder die wesentliche Verzierungs-Manieren im Vortrage der Vokal- und Instrumental-Musik
=250  \\$a1st ed.
=260  \\$aBerlin$bSchlesinger$c1869
=300  \\$aviii-272 pages$bpaper bound, music examples
=590  \\$agründlich erläutert von Ernst David Wagner, könig. Musikdirektor, Organist der Dreiftaltigkeits-Kirche in Berlin, correspondirendes Mitglied der Gesellschaft zur Beförderung der Tonkunst in den Niederlanden zu Rotterdam, etc. etc. Das Uebersetzungsrecht ist vorbehalten. Eingeführt in die Neue Akademie der Tonkunst in Belrin, in das Conservatorium der Musik in Berlin, und in andern musikalischen Lehranstalten.
=648  \0$a19th Century (1801-1900)$1http://www.wikidata.org/entity/Q6955$920935
=650  \0$aMethod$1http://www.wikidata.org/entity/Q2250960$921402
=650  \0$aOrnamentation$1http://www.wikidata.org/entity/Q739589$922524
=650  \0$aVocal music$1http://www.wikidata.org/entity/Q685884$93319
=650  \0$aInstrumental music$1http://www.wikidata.org/entity/Q639197$92106
=651  \0$aBerlin (Germany)$1http://www.wikidata.org/entity/Q64$948
=653  \0$aacciaccatura$3143, 144, 260$020145912$w2E+017$928450
=653  \0$aAnschlag$362, 63$020145912$w2E+017$928710
=653  \0$aappoggiatura$36-53, 156$020145912$w2E+017$928737
=653  \0$aarpeggio$378, 254-272$020145912$w2E+017$928797
=653  \0$aboekprijs$3273, 274$020145912$w2E+017$929701
=653  \0$acadens$3141$020145912$w2E+017$930106
=653  \0$aoud-nieuw$34, 11, 18, 141, 178, 184, 185$020145912$w2E+017$935651
=653  \0$adiminutie$350, 160, 163$020145912$w2E+017$931086
=653  \0$adubbelslag$311, 34, 55, 65, 76, 92, 93, 94, 95-133, 156, 157, 186$020145912$w2E+017$931248
=653  \0$adubbelslag op slag$3105, 106, 111, 112, 113, 115$020145912$w2E+017$931252
=653  \0$adynamiek en Anschlag$362, 63, 64, 65$020145912$w2E+017$931349
=653  \0$adynamiek en dubbelslag$364, 65$020145912$w2E+017$931352
=653  \0$aport de voix op slag$39, 10$020145912$w2E+017$936091
=653  \0$aportamento$357, 58$020145912$w2E+017$936099
=653  \0$atempo van trillers etc.$34, 76, 95, 102, 110, 118$020145912$w2E+017$936833
=653  \0$atoevoegen van trillers etc.$350$020145912$w2E+017$936990
=653  \0$atoevoegen van trillers etc.$3161, 163$020145912$w2E+017$936990
=653  \0$atr[emblement] lié$334, 146-148, 189-191, 248$020145912$w2E+017$937056
=653  \0$atrillers etc.$3145-253$020145912$w2E+017$937146
=653  \0$atrillo$3158, 159, 160, 161, 164$020145912$w2E+017$937161
=653  \0$aversieringsteken [dubbelslag of pral, golfje]$3127-132$020145912$w2E+017$937488
=653  \0$aversieringsteken mordent [doorgestreept] = pral [niet doorgestreept]$3135, 136$020145912$w2E+017$937489
=653  \0$aribattuta di gola$3170, 179, 180, 183, 242$020145912$w2E+017$938408
=653  \0$aSchleiffer$374-90, 156$020145912$w2E+017$938872
=653  \0$aschleiffer op slag$330, 74-89$020145912$w2E+017$938875
=653  \0$aSchleiffer voor de slag$389, 90$020145912$w2E+017$938877
=653  \0$amordent$3134-145, 156$020145912$w2E+017$934868
=653  \\$aBebung$34, 5$929306$020145912$w2E+017
=653  \\$adoel van trillers etc.$32, 24, 154$931130$020145912$w2E+017
=653  \\$agepuncteerde dubbelslag$369, 70, 71, 72, 73$932123$020145912$w2E+017
=653  \\$agepuncteerde Schleiffer$383, 84, 85, 86, 87, 88$932124$020145912$w2E+017
=653  \\$agruppo$3158, 159, 161, 163$932442$020145912$w2E+017
=653  \\$ahoofdnoottriller$3121, 132, 142, 147, 148, 149, 150, 151, 156, 157, 158, 168, 169, 170, 171, 172, 174, 175-183, 198, 199, 204, 205, 206, 219, 224, 226, 228, 229, 230, 231, 232, 234, 235, 236, 238, 239, 244, 248$932889$020145912$w2E+017
=653  \\$alengte van voorslag$37, 8, 9, 12, 23, 25-53, 56, 58, 59, 60, 61$934044$020145912$w2E+017
=653  \\$anaslag$353-61, 156$935152$020145912$w2E+017
=653  \\$aschnellen$3150, 151, 152$938912$020145912$w2E+017
=653  \\$atirade$390, 91$936951$020145912$w2E+017
=653  \\$atrilleroefening$3172$937140$020145912$w2E+017
=653  \\$aversnellen van triller$3200$937493$020145912$w2E+017
=653  \\$avoorhouding en recitatief$340, 41, 42$937746$020145912$w2E+017
=856  \\$uhttps://reader.digitale-sammlungen.de/de/fs1/object/display/bsb10599690_00005.html$3Bavarian State Library
=856  \\$uhttps://api.digitale-sammlungen.de/iiif/presentation/v2/bsb10599690/manifest$3IIIF manifest
=942  \\$cBOO
=952  \\$00$10$2ddc$40$6KTS_1_000000000000000_C3_33_02E17$70$8RAR$9291$aORPH$bORPH$cKTS1_C3$d2020-07-08$eKoopman$l0$oKTS1 C3.33 02E17$p20145912$r2021-01-12 00:00:00$w2021-01-12$yBOO
=999  \\$d291

