=LDR  01340aam a2200229   4500
=001  293
=008  231018s1812\\\\||||||||\||||\00|\0dger\d
=041  \\$ager
=245  \\$aLeipziger Fama$boder Jahrbuch der merkwürdigsten Weltbegebenheiten $nJahrgang 1812
=260  \\$aLeipzig$bKöniglichen Zeitungs Expedition$c1812
=300  \\$a[403] pages$bbound in marbled cardboard, red edges
=500  \\$aFrom Jahrgang 46 to 47 the pagination jumps from 362 to 470 and then back to 401, resulting in total extent of 403 and not 440 pages
=500  \\$aThe Leipziger Fama oder Jahrbuch der merkwürdigsten Weltbegebenheiten was published from 1805 until 1830
=500  \\$aSee also 02E18 (Jahrgang 1810) and 02E20 (Jahrgang 1816)
=648  \0$a19th Century (1801-1900)$1http://www.wikidata.org/entity/Q6955$920935
=650  \0$aHistory$1http://www.wikidata.org/entity/Q309$921403
=650  \0$aJournalism$1http://www.wikidata.org/entity/Q11030$921960
=650  \0$aPeriodical$1http://www.wikidata.org/entity/Q1002697$921106
=856  \\$uhttps://digital.slub-dresden.de/werkansicht/dlf/92072/1/0/$3Saxon State and University Library, Dresden
=942  \\$cPER
=952  \\$00$10$2ddc$40$6KTS_1_000000000000000_C3_33_02E19$70$8RAR$9293$aORPH$bORPH$cKTS1_C3$d2020-07-08$eKoopman$l0$oKTS1 C3.33 02E19$p20145914$r2021-01-12 00:00:00$w2021-01-12$yPER
=999  \\$d293

