=LDR  01481aam a2200277   4500
=001  294
=008  231018s1816\\\\||||||||\||||\00|\0dger\d
=041  \\$ager
=245  \\$aLeipziger Fama$boder Jahrbuch der merkwürdigsten Weltbegebenheiten$nJahrgang 1816
=260  \\$aLeipzig$bKöniglichen Zeitungs Expedition$c1816
=300  \\$a408 pages$bbound in cardboard, linen spine with gild title vignet
=500  \\$aThe Leipziger Fama oder Jahrbuch der merkwürdigsten Weltbegebenheiten was published from 1805 until 1830 
=500  \\$aNr.20: double, marked as nr.17 
=500  \\$aNr. 29 & 30: incorrect pagination
=500  \\$aNr. 52/51: incorrdct binding
=500  \\$aSee also 02E18 (Jahrgang 1810) and 02E19 (Jahrgang 1812)
=561  \\$a Ex libris Gustav Stöpel (Plate)
=561  \\$aEx libris Zeitungswissensch. Sammling Dr. Walter Schöne (Stamp) 
=648  \0$a19th Century (1801-1900)$1http://www.wikidata.org/entity/Q6955$920935
=650  \0$aHistory$1http://www.wikidata.org/entity/Q309$921403
=650  \0$aJournalism$1http://www.wikidata.org/entity/Q11030$921960
=650  \0$aPeriodical$1http://www.wikidata.org/entity/Q1002697$921106
=856  \\$uhttps://digital.slub-dresden.de/werkansicht/dlf/92075/1/0/$3Saxon State and University Library, Dresden
=942  \\$cPER
=952  \\$00$10$2ddc$40$6KTS_1_000000000000000_C3_33_02E20$70$8RAR$9294$aORPH$bORPH$cKTS1_C3$d2020-07-08$eKoopman$l0$oKTS1 C3.33 02E20$p20145915$r2021-01-12 00:00:00$w2021-01-12$yPER
=999  \\$d294

