=LDR  00961aam a2200193   4500
=001  295
=008  231010s1809\\\\|||a||||\||||\00|\p\dut\d
=041  \\$adut
=100  \\$aTollens, Hendrik$d1780-1856$4aut$1http://www.wikidata.org/entity/Q127348$94803
=245  \\$aMinnedichtjes
=260  \\$aAmsterdam$bImmerzeel$c1809
=300  \\$a[iii]-91-3 pages
=501  \\$aHenricus Franciscus Caroluszoon (Hendrik) Tollens (1780-1856) was a Dutch poet best known for Wien Neêrlands Bloed, the national anthem of the Netherlands between 1815 and 1932. 
=648  \0$a19th Century (1801-1900)$1http://www.wikidata.org/entity/Q6955$920935
=650  \0$aPoetry$1http://www.wikidata.org/entity/Q482$93026
=651  \0$aNetherlands$1http://www.wikidata.org/entity/Q55$9173
=942  \\$cBOO
=952  \\$00$10$2ddc$40$6KTS_1_000000000000000_C3_33_02E13$70$8RAR$9295$aORPH$bORPH$cKTS1_C3$d2020-07-08$eKoopman$l0$oKTS1 C3.33 02E13$p20145909$r2021-01-12 00:00:00$w2021-01-12$yBOO
=999  \\$d295

