=LDR  03017aam a2200397   4500
=001  296
=003  OI
=005  20250812102341.0
=008  210226s1657\\\\\\\|||||\||||\00|\0\dut\d
=041  \\$adut
=100  \\$aVoet, Gisbertus$d1589-1676$4aut$1http://www.wikidata.org/entity/Q983347$95094
=245  \\$aRes judicata, $bdat is: Extracten uit de resolutien der Synoden, ende oordelen der Academien in de Vereenichde Nederlanden, en Tweede Deel van Res Iudicata vervattende het ghemeyn eenparich ende aengenomen kerckelijck gevoelen over de negotie der ghenaemde Lombarden
=250  \\$a2nd ed.
=260  \\$aUtrecht$bWaesberg$c1657
=300  \\$a2 volumes in 1 ([viii]-48-[70]-164 pages)
=500  \\$aGisbertus Voetius (1589-1676), a professor and rector at the University of Utrecht, was the most influential voice of the Nadere Reformatie, a Pietist group that objected against all things wordly in Dutch society. He was a notorious opponent of René Descartes when the latter resided in Utrecht.
=501  \\$aBound in with various 17th-century theological prints: ’Consideratien…’, ‘Klare, ende krachtige bewijs-redenen…’, ‘Waerschouwinge…’, ‘Oordeel…’, ‘Nodige waerschouwinge tegen het oordeel…’, . Nodige waerschouwinge tegen de valsche beschuldigingen…’, ‘Cartesius vindicatus’, ‘ N. I. M. F. L. P. Zeland. Dissertatio theologica…’, ‘ Sermo academicus de nupera oceani exundatione’, ‘Oratio inauguralis de sectanda veritate in amore’ ,‘ Oratio de apparitionibus Jesu Christi’ and ‘ Belgica afflicta’
=563  \\$aBound in white vellum
=590  \\$auytgegeven door de Professoren der Theologiæ tot Utrecht. 
=648  \0$a17th Century (1601-1700)$1http://www.wikidata.org/entity/Q7016$920923
=650  \0$aPietism$1http://www.wikidata.org/entity/Q193664$923132
=650  \0$aEconomy$1http://www.wikidata.org/entity/Q159810$921625
=650  \0$aLaw$1http://www.wikidata.org/entity/Q7748$93727
=650  \0$aTheology$1http://www.wikidata.org/entity/Q34178$93009
=651  \0$1http://www.wikidata.org/entity/Q803$aUtrecht (Netherlands)$9141
=653  \0$aBoxhornius, Marcus Zuerius$337-39$020145916a-b$w02E22a$929865
=653  \0$aBoxhornius, Marcus Zuerius$3A3$020145916a-b$w02E22b$929865
=653  \\$abank van lening$3wb$929066$020145916a-b$w02E22a
=653  \\$abank van lening$3wb$929066$020145916a-b$w02E22b
=700  \\$aMaets, Carolus de$d1597-1651$1http://www.wikidata.org/entity/Q1044631$95095
=700  \\$aHoornbeeck, Johannes$d1617-1666$1http://www.wikidata.org/entity/Q983340$95096
=856  \\$uhttps://books.google.be/books?id=4Mj3ZPtpPTgC&printsec=frontcover&hl=nl&source=gbs_ge_summary_r&cad=0#v=onepage&q&f=false$3part 1
=856  \\$uhttps://books.google.be/books?id=oo1OAAAAcAAJ$3part 2
=942  \\$cBOO
=952  \\$00$10$2ddc$40$6KTS_1_000000000000000_C3_33_02E22AB$70$8RAR$9296$aORPH$bORPH$cKTS1_C3$d2020-07-08$eKoopman$l0$oKTS1 C3.33 02E22a-b$p20145916a-b$r2021-01-12 00:00:00$w2021-01-12$yBOO
=999  \\$d296

