=LDR  17475aam a2202845   4500
=001  297
=008  210602s1880\\\\\\\|||||\||||\00|\0\fre\d
=041  \\$afre
=100  \\$aGoovaerts, Alphonse$d1847-1922$4aut$1http://www.wikidata.org/entity/Q1926790$95097
=245  \\$aHistoire et bibliographie de la typographie musicale dans les Pays-Bas
=250  \\$a2nd ed.
=260  \\$aAntwerp$bKockx$c1880
=300  \\$a608 pages$bplates, bound in linen
=500  \\$aWith "Pays Bas" is meant The Netherlands, Belgium and the north of France
=648  \0$a16th Century (1501-1600)$1http://www.wikidata.org/entity/Q7017$920944
=648  \0$a17th Century (1601-1700)$1http://www.wikidata.org/entity/Q7016$920923
=648  \0$a18th Century (1701-1800)$1http://www.wikidata.org/entity/Q7015$920899
=650  \0$aMusic printing$1http://www.wikidata.org/entity/Q64416036$94007
=650  \0$aMusic history$1http://www.wikidata.org/entity/Q846047$921373
=651  \0$aBelgium$1http://www.wikidata.org/entity/Q31$920881
=651  \0$aNetherlands$1http://www.wikidata.org/entity/Q55$9173
=653  \0$aad lib. bezetting$329, 36, 112, 149, 158, 186, 187, 188, 189, 190, 195, 196, 197, 202, 203, 205, 209, 210, 211, 213, 216, 217, 220, 221, 222, 225, 226, 227, 231, 235, 242, 243, 244, 245, 247, 251, 260, 265, 269, 281, 283, 291, 298, 305, 317, 338, 348, 351, 364, 368, 369, 381, 383, 390, 406, 407, 413, 431, 432, 435, 439, 463, 464, 532, 535$020145921$w2E+021$928471
=653  \0$aAffilard, M. L'$3457$020145921$w2E+021$928508
=653  \0$aAggazari, A.$3286$020145921$w2E+021$928520
=653  \0$aAgricola$3160$020145921$w2E+021$928531
=653  \0$aBach$3160, 521$020145921$w2E+021$928896
=653  \0$aBach, W.Fr.$3532$020145921$w2E+021$928998
=653  \0$aBan, J.A.$3370, 371$020145921$w2E+021$929061
=653  \0$aBlankenburg, Q. van $3472, 478, 481$020145921$w2E+021$929619
=653  \0$ablokfluit$3390$020145921$w2E+021$929645
=653  \0$abasso continuo_16e eeuw$3283$020145921$w2E+021$929175
=653  \0$abasso continuo_bezetting$3393$020145921$w2E+021$929185
=653  \0$aboekoplage $3271, 291, 292, 297, 301, 302, 304, 307, 309, 311, 313, 319, 332, 327, 329, 344, 349, 356, 361, 364, 372, 384$020145921$w2E+021$929700
=653  \0$aboekprijs$314, 43, 184, 217, 255, 165, 301, 318, 322, 328, 330, 334, 336, 347, 349, 352, 354, 358, 359, 364, 367, 374, 379, 387, 391, 392, 393, 403, 425, 427, 429, 431, 436, 439, 447, 452, 453, 457, 460, 462, 464, 464, 471, 473, 477, 479, 483, 487, 491, 496, 498, 502, 515, 525, 531, 532, 533, 534, 535$020145921$w2E+021$929701
=653  \0$aBoësset$386$020145921$w2E+021$929712
=653  \0$abeeldenstorm$345, 49$020145921$w2E+021$929349
=653  \0$aBoutmy, J.$3170, 527, 537$020145921$w2E+021$929850
=653  \0$aBrossard, S.$3519, 520$020145921$w2E+021$929961
=653  \0$aBull, J.$3348$020145921$w2E+021$930014
=653  \0$aBuns, B.$3410, 427$020145921$w2E+021$930024
=653  \0$aCallot, J.$3149, 453$020145921$w2E+021$930137
=653  \0$aCamphuysen$3119-121, 152, 339$020145921$w2E+021$930164
=653  \0$acello o cimbalo$3149, 413, 432, 464, 532, 533, 534, 537$020145921$w2E+021$930349
=653  \0$aCène, M.C. le$3152, 169, 460, 467$020145921$w2E+021$930361
=653  \0$amuziek in eredienst$3507$020145921$w2E+021$935012
=653  \0$amuziek voor twee luiten$3197$020145921$w2E+021$935033
=653  \0$acister$3292, 303$020145921$w2E+021$930490
=653  \0$amuziektheorie$3312, 315, 361, 371, 406, 426, 433, 449, 468, 469, 473, 499, 502, 507, 513, 515, 540$020145921$w2E+021$935100
=653  \0$anoëls$3134, 348, 395, 405, 408$020145921$w2E+021$935260
=653  \0$aObrecht, J.$3206, 225$020145921$w2E+021$935319
=653  \0$aop de wijze van $3429, 432, 442, 471, 482, 536, 537$020145921$w2E+021$935398
=653  \0$aop de wijze van en muzieknotatie$384$020145921$w2E+021$935401
=653  \0$aCorelli, A.$3431, 438, 530, 531, 532, 533, 534, 535, 537$020145921$w2E+021$930736
=653  \0$aCornet, P.$3374, 397$020145921$w2E+021$930748
=653  \0$adansen$3509, 539$020145921$w2E+021$930928
=653  \0$aDescartes$3425$020145921$w2E+021$931024
=653  \0$aoude muziek vroeger$3188, 189, 206, 225, 362, 522, 528, 535$020145921$w2E+021$935658
=653  \0$aPadbrué, C.$3368$020145921$w2E+021$935701
=653  \0$adiminutie$3313$020145921$w2E+021$931086
=653  \0$adrukfouten$3196, 354, 364, 374, 375, 378, 402, 404, 406, 409, 410, 411, 446, 450, 470, 533, 534$020145921$w2E+021$931221
=653  \0$aPers, D.P.$3120$020145921$w2E+021$935868
=653  \0$aPetersen, D.$3455$020145921$w2E+021$935882
=653  \0$aPevernage, A.$3290$020145921$w2E+021$935901
=653  \0$aPhalèse als muziekboekverkoper van andere uitgevers$3110$020145921$w2E+021$935916
=653  \0$aPhalèse, P.$333, 34, 35, 36, 46, 50, 51, 52, 54, 55, 56, 57, 59, 60, 61, 62, 88, 89-114, 125, 193-198, 200-207, 210, 211, 213, 218$020145921$w2E+021$935918
=653  \0$aechoeffekt$3279, 281, 304$020145921$w2E+021$931377
=653  \0$aEyck, J. van $3389$020145921$w2E+021$931574
=653  \0$aprima vista$3457$020145921$w2E+021$936203
=653  \0$afalso bordone$3317$020145921$w2E+021$931599
=653  \0$aQuagliati$3267$020145921$w2E+021$936292
=653  \0$aFiocco, P.A.$3434$020145921$w2E+021$931720
=653  \0$aFischer, J.P.A.$3468, 470, 476$020145921$w2E+021$931730
=653  \0$afondscatalogus$3477, 478, 520$020145921$w2E+021$931799
=653  \0$afortepiano$3513?$020145921$w2E+021$931832
=653  \0$aFranse invloed in Nederland$3137$020145921$w2E+021$931882
=653  \0$aFrescobaldi, G.$3302$020145921$w2E+021$931903
=653  \0$aFrischmuth, L.$3158, 486, 492, 526, 527$020145921$w2E+021$931923
=653  \0$aFritz, B.$3535$020145921$w2E+021$931926
=653  \0$asub/semitoetsen$3468$020145921$w2E+021$936666
=653  \0$aSusato, J.$318, 19, 21, 22, 26-32, 186-198, 200, 202, 204, 205, 208, 209, 210, 218$020145921$w2E+021$936678
=653  \0$aSusato, T.$318, 19, 21, 22, 26-32, 186-198, 200, 202, 204, 205, 208, 209, 210, 218$020145921$w2E+021$936679
=653  \0$aSweelinck, J.P.$372, 275, 283, 289, 292, 298, 303$020145921$w2E+021$936692
=653  \0$aSweelinck, J.P.$3306, 314, 315, 324, 325, 335, 336, 522$020145921$w2E+021$936692
=653  \0$agamba$3390, 432, 435, 535$020145921$w2E+021$931995
=653  \0$aGastoldi$3281$020145921$w2E+021$932025
=653  \0$atemperatuur$3403, 535$020145921$w2E+021$936807
=653  \0$aGrandi, A.$3407$020145921$w2E+021$932329
=653  \0$aHacquart, C.$3417, 421, 429$020145921$w2E+021$932500
=653  \0$atrompet$327$020145921$w2E+021$937194
=653  \0$aValerius, A.$3343$020145921$w2E+021$937322
=653  \0$aHavingha, G.$3479, 486$020145921$w2E+021$932634
=653  \0$aVerrijt, J.B.$3380$020145921$w2E+021$937458
=653  \0$aViadana$3311, 317, 329, 336, 340, 341$020145921$w2E+021$937525
=653  \0$aHess, J.J.$3501, 510$020145921$w2E+021$932752
=653  \0$aHotteterre$3467, 535$020145921$w2E+021$932948
=653  \0$aHummel, J.J.$3162, 485, 493$020145921$w2E+021$933005
=653  \0$aHurlebusch, C.F.$3482, 498, 528$020145921$w2E+021$933020
=653  \0$aHuygens, C.$3400$020145921$w2E+021$933032
=653  \0$avogels en muziek$378, 190, 304, 318, 355$020145921$w2E+021$937697
=653  \0$aVondel$3130$020145921$w2E+021$937732
=653  \0$aJenkins, J.$3406$020145921$w2E+021$933208
=653  \0$aJosquin$3188, 189, 213$020145921$w2E+021$933255
=653  \0$aWert, J. de $3312$020145921$w2E+021$937936
=653  \0$aZwolle$3301$020145921$w2E+021$938200
=653  \0$aklavecimbel_Nederland 17e eeuw$3307$020145921$w2E+021$933500
=653  \0$aklavichord_Frankrijk 17e eeuw$3318$020145921$w2E+021$933575
=653  \0$aklavichord_Vlaams? 17e eeuw$378$020145921$w2E+021$933589
=653  \0$aKoninck, S. de$3523, 524$020145921$w2E+021$933667
=653  \0$akoor/orkestbezetting$3413$020145921$w2E+021$933678
=653  \0$akoraal en tussenspel$3507$020145921$w2E+021$933703
=653  \0$aRoger, E.$3168, 139, 451, 457, 521, 530, 531$020145921$w2E+021$938502
=653  \0$aRosier, C.$3434$020145921$w2E+021$938563
=653  \0$aRossi, S.$3284, 322$020145921$w2E+021$938571
=653  \0$alamento$3189$020145921$w2E+021$933868
=653  \0$aLasso, O. di $3226, 248, 252$020145921$w2E+021$933916
=653  \0$asalaris$3109$020145921$w2E+021$938697
=653  \0$aLodesteyn, J. van $3424$020145921$w2E+021$934178
=653  \0$aSchenk, J.$3430, 433, 435, 436, 463, 528$020145921$w2E+021$938835
=653  \0$aluit$3193, 194, 195, 197, 237, 240, 246, 247, 250, 255, 263, 274, 287, 310$020145921$w2E+021$934262
=653  \0$aLully$3430, 451, 530$020145921$w2E+021$934271
=653  \0$aLustig, J.W.$3486-491, 493, 501, 523, 529$020145921$w2E+021$934291
=653  \0$aMacque, G. de$3282, 283$020145921$w2E+021$934343
=653  \0$aMarenzio, L.$3276$020145921$w2E+021$934462
=653  \0$aMarpurg$3160, 493$020145921$w2E+021$934481
=653  \0$aMathieu, M,$3445, 466, 508$020145921$w2E+021$934523
=653  \0$aMatthysz, P$3104, 120, 121, 373, 382, 387, 390, 421, 436, 439, 522, 536$020145921$w2E+021$934543
=653  \0$ameer benutten zelfde partituur$384, 112, 113, 253, 255, 257, 265, 287, 327, 329, 331, 352, 353, 366, 377, 382, 387, 388, 402, 405, 408, 435, 460, 463, 488, 513$020145921$w2E+021$934589
=653  \0$aMessaus, G.$3348, 360$020145921$w2E+021$934703
=653  \0$aMonteverdi, C.$3309, 315, 316, 372$020145921$w2E+021$934854
=653  \0$aMoulinié$386$020145921$w2E+021$934914
=653  \0$aMozart, L.$3491, 497$020145921$w2E+021$934924
=653  \\$aAertssens, H.$3134, 135, 136$928501$020145921$w2E+021
=653  \\$aAnders, H.$3438, 439$928686$020145921$w2E+021
=653  \\$abasso continuo_begin van$3283$929182$020145921$w2E+021
=653  \\$abasso continuo_Nederland ca. 1600$3324$929196$020145921$w2E+021
=653  \\$abasso continuo_Vlaams? ca. 1600$3283, 323, 324, 326, 328, 332, 333$929202$020145921$w2E+021
=653  \\$abataglia$330, 190, $929212$020145921$w2E+021
=653  \\$abc is directiepartituur$3340$929267$020145921$w2E+021
=653  \\$aBecker, T.$3112, 416$929322$020145921$w2E+021
=653  \\$aBellère, J.$357, 58, 59, 60, 68, 69$929398$020145921$w2E+021
=653  \\$aBerckelaers, J.$3134, 431$929436$020145921$w2E+021
=653  \\$aBettigny, J.$378$929506$020145921$w2E+021
=653  \\$aBorculo, H. v.$337, 38, 198, 199, 203, 204, 208$929778$020145921$w2E+021
=653  \\$aBouwel, S. van $3102$929853$020145921$w2E+021
=653  \\$aBustijn, P.$3526$020145921$w2E+021$930071
=653  \\$aButler, J.$397, 387, 435, 466, 508$930076$020145921$w2E+021
=653  \\$aCastro, J. a$3247$930288$020145921$w2E+021
=653  \\$aCnobbaert, J.$3116, 117$930558$020145921$w2E+021
=653  \\$aCock, S.$31, 11-16, 38, 230, 311$930567$020145921$w2E+021
=653  \\$aCocx, J.$3102$930570$020145921$w2E+021
=653  \\$aCoesfelt, C.Z. van $3129, 130, 411, 480, 481$930572$020145921$w2E+021
=653  \\$acompositieloon$3254$930641$020145921$w2E+021
=653  \\$aConradus$3131$930672$020145921$w2E+021
=653  \\$aCoornhert$363, 77, 264, 318$930712$020145921$w2E+021
=653  \\$aCornet, S?$3230$930749$020145921$w2E+021
=653  \\$aDering, R.$3293, 323, 325, 326$931020$020145921$w2E+021
=653  \\$aDouwes, N.$3140, 443, 503$931186$020145921$w2E+021
=653  \\$aElsevier$373, 74, 127, 128$931433$020145921$w2E+021
=653  \\$aElst, J. v.d.$3127, 396, 403$931437$020145921$w2E+021
=653  \\$aEnschedé, fam.$3151, 159, 491, 495$931483$020145921$w2E+021
=653  \\$afantasie = automata$3197, 287$931606$020145921$w2E+021
=653  \\$aFruytiers, J.$344, 45, 53, 232, 246, 260$931939$020145921$w2E+021
=653  \\$aGouy, J.$3434$932307$020145921$w2E+021
=653  \\$aGraf, C.E.$3512$932318$020145921$w2E+021
=653  \\$aGroneman, J.F.$3489, 510$932414$020145921$w2E+021
=653  \\$aGroneman, L.$3489, 510$932415$020145921$w2E+021
=653  \\$aGuami, G.$3313$932455$020145921$w2E+021
=653  \\$aGuédron$378, 86, 325$932464$020145921$w2E+021
=653  \\$aHèle, G. de la$3253, 254$932687$020145921$w2E+021
=653  \\$aHeymissen, Ph. van $3409$932769$020145921$w2E+021
=653  \\$aHollanders, H.$3351, 357, 380$932865$020145921$w2E+021
=653  \\$aHoratius$343$94875$020145921$w2E+021
=653  \\$aHulkenroy, H. van $3148, 149, 150, 477, 478$932993$020145921$w2E+021
=653  \\$aJansz, J.$372, 75$933192$020145921$w2E+021
=653  \\$aKeerbergen, J. van $382-85$933328$020145921$w2E+021
=653  \\$aKempis, J.F. a$3372, 378, 381, 384, 395$933356$020145921$w2E+021
=653  \\$aKerckhoven, J. v.d.$380, 81$933363$020145921$w2E+021
=653  \\$aLaet, J. de$338, 42, 43$933851$020145921$w2E+021
=653  \\$aLeeuw, C. de$399, 129, 130, 394, 401, 403, 467, 468, 410, 411, 412, 414, 415, 417, 418, 419, 437$933980$020145921$w2E+021
=653  \\$aLiberti, H.$3328, 354$934089$020145921$w2E+021
=653  \\$aLoonsma, S.T. van$3479, 483, 484, 493, 529, 541$934203$020145921$w2E+021
=653  \\$aloterij$349, 50$934223$020145921$w2E+021
=653  \\$aMahaut, A.$3158$934365$020145921$w2E+021
=653  \\$aMahaut, A.$3485, 486, 529$934365$020145921$w2E+021
=653  \\$aManilius, G.$347, 48$934430$020145921$w2E+021
=653  \\$aMarkordt$3161, 162$934472$020145921$w2E+021
=653  \\$aMes, G.$331, 227$934701$020145921$w2E+021
=653  \\$aMoretus, J.$365, 66, 75$912872$020145921$w2E+021
=653  \\$aMortier, P.$3146, 147, 452, 475$934899$020145921$w2E+021
=653  \\$aMunnincx, W.$3348$934956$020145921$w2E+021
=653  \\$amuziekdruk$3wb$935070$020145921$w2E+021
=653  \\$aNouman$3522$935292$020145921$w2E+021
=653  \\$aoctrooi$314, 15, 16, 17, 24, 28, 37, 38, 45, 47, 49, 74, 77, 83, 84, 126, 134, 135, 137, 161, 163, 169, 184, 185, 186, 330, 343, 373, 430, 440, 447, 448, 457, 463$935325$020145921$w2E+021
=653  \\$aOlderaet, G.$3348, 364$935364$020145921$w2E+021
=653  \\$aOlofsen, A.$3157, 158, 483, 485-490, 492, 519, 526$935375$020145921$w2E+021
=653  \\$aPaedt, J.J.$353, 77$935704$020145921$w2E+021
=653  \\$aPhalèse_testament$389-112$935917$020145921$w2E+021
=653  \\$aPhilips, P.$377, 280, 283, 309, 310, 311, 312, 316, 318, 323, 330, 331, 336, 340, 346, 348, 355, 358$935930$020145921$w2E+021
=653  \\$aPietersz, J.$3364, 392, 397$935969$020145921$w2E+021
=653  \\$aPlantin$346, 47, 57, 58, 63, 64, 65$936015$020145921$w2E+021
=653  \\$aPraetorius, H.$3333, 340$936129$020145921$w2E+021
=653  \\$aPrins, H.J.$3119, 385, 386$936208$020145921$w2E+021
=653  \\$aRadeker, H,$3525$936331$020145921$w2E+021
=653  \\$aRaphelingen, Fr. v.$363, 64$938243$020145921$w2E+021
=653  \\$aRavenstijn, P. van $375, 76$938265$020145921$w2E+021
=653  \\$aRegnat, fam.$352$938329$020145921$w2E+021
=653  \\$aRoole..., R.$3429, 464, 483, 490, 492$938546$020145921$w2E+021
=653  \\$aRousseau, J.J.$3498, 500$938595$020145921$w2E+021
=653  \\$aRubens$3110$938616$020145921$w2E+021
=653  \\$aRuimonte, P.$3295, 299, 314$938636$020145921$w2E+021
=653  \\$aScherer$3489$938838$020145921$w2E+021
=653  \\$aScholl, D.$3414, 458$938928$020145921$w2E+021
=653  \\$aSchrijver, R.$3422, 423$938963$020145921$w2E+021
=653  \\$aSchurman, A.M. v.$3425$938997$020145921$w2E+021
=653  \\$aSchutte, R.$3495$939003$020145921$w2E+021
=653  \\$aSilvius, G.$345, 46, 63$939125$020145921$w2E+021
=653  \\$aSopers, S.$3158, 490$936363$020145921$w2E+021
=653  \\$aStarter, J.$3329, 330, 339, 345, 358$936515$020145921$w2E+021
=653  \\$aSweertius, F.$3279, 282$936693$020145921$w2E+021
=653  \\$aSweerts, H. & C.$3438, 439, 445, 530, 536$936695$020145921$w2E+021
=653  \\$aTerbruggen, H.$317-22$936853$020145921$w2E+021
=653  \\$aTil, S. van $3457$936937$020145921$w2E+021
=653  \\$aTrognèse, J.$366, 67, 68$937180$020145921$w2E+021
=653  \\$aTubel, C. F.$3498$937210$020145921$w2E+021
=653  \\$aTurnhout, J.$3225, 245$937238$020145921$w2E+021
=653  \\$aVerdussen, J.$376, 77, 82, 83, 138, 139, 152, 157$937404$020145921$w2E+021
=653  \\$aVermooten, W.$3149, 150, 459, 460, 466$937422$020145921$w2E+021
=653  \\$aVerschuere Rijnvaen$3470, 509, 514, 516$937482$020145921$w2E+021
=653  \\$avioolcither$3314, 315$937613$020145921$w2E+021
=653  \\$aVissemacher, W. v.$318, 19-25, 44$937637$020145921$w2E+021
=653  \\$aVredeman$3371$937798$020145921$w2E+021
=653  \\$aVredeman, J.$375, 118, 237, 240, 293, 314, 330, 350$937799$020145921$w2E+021
=653  \\$aVredeman, S.$375, 118, 237, 240, 293, 314, 330, 350$937800$020145921$w2E+021
=653  \\$aWaelrant, H. & H.$331-43, 212-217$937826$020145921$w2E+021
=653  \\$aWaesberghe, P. & J.$364, 65, 75, 78, 96, 119$937827$020145921$w2E+021
=856  \\$uhttps://books.google.be/books?id=79WM9x3TI1IC$3Google Books
=942  \\$cBOO
=952  \\$00$10$2ddc$40$6KTS_1_000000000000000_C3_33_02E21$70$8RAR$9297$aORPH$bORPH$cKTS1_C3$d2020-07-08$eKoopman$l0$oKTS1 C3.33 02E21$p20145921$r2021-01-12 00:00:00$w2021-01-12$yBOO
=952  \\$00$10$2ddc$40$6BIB_3_000000000000000_GOOV$70$8BIB$920225$aORPH$bORPH$cKTS0$d2020-07-08$eDruwé$g50.00$l0$oBIB3 GOOV$p20136338$r2021-06-02 00:00:00$w2021-06-02$yBOO
=999  \\$d297

