=LDR  02401aam a2200337   4500
=001  298
=008  231018s1657\\\\||||||||\||||\00|\0\dut\d
=041  \\$adut
=100  \\$aWyngaarden, Bernardus$4aut$95098
=245  \\$aKlare, ende krachtige bewijs-redenen
=260  \\$aLeiden$bVerbiest$c1657
=300  \\$a[36] pages
=500  \\$ain convolute with various 17th-century theological prints
=500  \\$afollowed by Sebastiaen Koningh's 'Request ... aen de E: E: Classis van Leyden, en Neder-Rhijnlandt. Ingelevert in haar E: Vergaderinghe den Tweeden May 1657"
=501  \\$aBound in with 'Res Judicata', ’Consideratien…’, ‘Waerschouwinge…’, ‘Oordeel…’, ‘Nodige waerschouwinge tegen het oordeel…’, . Nodige waerschouwinge tegen de valsche beschuldigingen…’, ‘Cartesius vindicatus’, ‘ N. I. M. F. L. P. Zeland. Dissertatio theologica…’, ‘ Sermo academicus de nupera oceani exundatione’, ‘Oratio inauguralis de sectanda veritate in amore’ ,‘ Oratio de apparitionibus Jesu Christi’ and ‘ Belgica afflicta’

=590  \\$aThoonende Dat de Houder vande Leenbanck tot Leyden en oock Alle andere Banck-houders, Leenende volghens Ordonnantie haer van de Christelijcke Overicheydt voorgeschreven, niet en konnen, off behooren van 't Heilige Avontmaal des Heeren gheweert te werden
=648  \0$a17th Century (1601-1700)$1http://www.wikidata.org/entity/Q7016$920923
=650  \0$aReligion$1http://www.wikidata.org/entity/Q9174$93062
=650  \0$aEconomy$1http://www.wikidata.org/entity/Q159810$921625
=650  \0$aLaw$1http://www.wikidata.org/entity/Q7748$93727
=651  \0$aLeiden (Netherlands)$1http://www.wikidata.org/entity/Q43631$978
=653  \\$abank van lening$3wb$929066$020145916d$w02E22d
=653  \\$aKoningh, Sebastiaen$3[27], 186-einde$95100$020145916d$w02E22d
=700  \\$aCabeliauw, Petrus$4aut$95099
=700  \\$aKoningh, Sebastiaen$4aut$95100
=773  \\$0296 $tRes judicata$w296
=856  \\$uhttps://books.google.be/books?id=mEdkAAAAcAAJ$3Google Books
=856  \\$uhttps://books.google.be/books?id=mGcbIgjaFRgC&printsec=frontcover&hl=nl&source=gbs_ge_summary_r&cad=0#v=onepage&q&f=false$3Google Books
=942  \\$cBOO
=952  \\$00$10$2ddc$40$6KTS_1_000000000000000_C3_33_02E22D$70$8RAR$9298$aORPH$bORPH$cKTS1_C3$d2020-07-08$eKoopman$l0$oKTS1 C3.33 02E22d$p20145916d$r2021-01-12 00:00:00$w2021-01-12$yBOO
=999  \\$d298

