=LDR  02224aam a2200289   4500
=001  299
=008  231018s1657\\\\||||||||\||||\00|\0\dut\d
=041  \\$adut
=100  \\$aCabeliauw, Petrus$4aut$95099
=245  \\$aWaerschouwinge van D. Petrus Cabeljau aengaende het uyt-geven van seecker advijs omtrent het stuck vande banck-houdinge
=260  \\$aLeiden$bVerbiest$c1657
=300  \\$a26 pages
=500  \\$ain convolute with various 17th-century theological prints
=501  \\$aBound in with 'Res judicata', ’Consideratien…’, ‘Klare, ende krachtige bewijs-redenen…’, ‘Oordeel…’, ‘Nodige waerschouwinge tegen het oordeel…’, . Nodige waerschouwinge tegen de valsche beschuldigingen…’, ‘Cartesius vindicatus’, ‘ N. I. M. F. L. P. Zeland. Dissertatio theologica…’, ‘ Sermo academicus de nupera oceani exundatione’, ‘Oratio inauguralis de sectanda veritate in amore’ ,‘ Oratio de apparitionibus Jesu Christi’ and ‘ Belgica afflicta’

=590  \\$aItem Schriftelijck Bericht van N. N. Teghen Het Gravamen en Advijs des Eerw: Classis van Leyden en Neder- Rhijnland over het Versoeck van Sebastiaen Coninck, Back-houder, om te mogen tot de Gemeenschap des H. Avontmaels toe-gelaten werden. Met een noodige verantwoordinghe van het selve Classicael Advijs. Uyt-gegeven tot onderrichtinge van alle Onpartydige, Vroome Liefhebbers der Waerheyt, en goede ordre der Kercke.
=648  \0$a17th Century (1601-1700)$1http://www.wikidata.org/entity/Q7016$920923
=650  \0$aReligion$1http://www.wikidata.org/entity/Q9174$93062
=650  \0$aEconomy$1http://www.wikidata.org/entity/Q159810$921625
=650  \0$aLaw$1http://www.wikidata.org/entity/Q7748$93727
=651  \0$aNetherlands$1http://www.wikidata.org/entity/Q55$9173
=653  \\$abank van lening$3wb$929066$020145916e$w02E22e
=653  \\$aKoningh, Sebastiaen$3wb$95100$020145916e$w02E22e
=773  \\$0296$t Res judicata$w296 
=856  \\$uhttps://books.google.be/books?id=SQpiAAAAcAAJ$3Google Books
=942  \\$cBOO
=952  \\$00$10$2ddc$40$6KTS_1_000000000000000_C3_33_02E22E$70$8RAR$9299$aORPH$bORPH$cKTS1_C3$d2020-07-08$eKoopman$l0$oKTS1 C3.33 02E22e$p20145916e$r2021-01-12 00:00:00$w2021-01-12$yBOO
=999  \\$d299

