=LDR  01743aam a2200265   4500
=001  301
=008  231018s1686\\\\||||||||\||||\00|\0\dut\d
=041  \\$adut
=100  \\$aRegius, Johannes$d1656-1738$4aut$95102
=245  \\$aNodige waerschouwinge tegen het oordeel, en meesterschap der reden over de schriftuyre en goddelijcke waerheden
=260  \\$aFraneker$bGyselaar$c1686
=300  \\$a20 pages
=500  \\$ain convolute with various 17th-century theological prints
=501  \\$aBound in with 'Res judicata', ’Consideratien…’, ‘Klare, ende krachtige bewijs-redenen…’, ‘Waerschouwinge…’, ‘Oordeel…’, 'Nodige waerschouwinge tegen de valsche beschuldigingen…’, ‘Cartesius vindicatus’, ‘ N. I. M. F. L. P. Zeland. Dissertatio theologica…’, ‘ Sermo academicus de nupera oceani exundatione’, ‘Oratio inauguralis de sectanda veritate in amore’ ,‘ Oratio de apparitionibus Jesu Christi’ and ‘ Belgica afflicta’
=590  \\$aGedaen in een Predicatie over de Woorden Pauli Collossensen 2. vers 8 
=648  \0$a17th Century (1601-1700)$1http://www.wikidata.org/entity/Q7016$920923
=650  \0$aReligion$1http://www.wikidata.org/entity/Q9174$93062
=650  \0$aSermon$1http://www.wikidata.org/entity/Q60797$921869
=650  \0$aTheology$1http://www.wikidata.org/entity/Q34178$93009
=651  \0$aFraneker (Netherlands)$1http://www.wikidata.org/entity/Q41974$9185
=773  \\$0296$tRes judicata$w296 
=856  \\$uhttps://books.google.be/books?id=73BLAAAAcAAJ$3Google Books
=942  \\$cBOO
=952  \\$00$10$2ddc$40$6KTS_1_000000000000000_C3_33_02E22G$70$8RAR$9301$aORPH$bORPH$cKTS1_C3$d2020-07-08$eKoopman$l0$oKTS1 C3.33 02E22g$p20145916g$r2021-01-12 00:00:00$w2021-01-12$yBOO
=999  \\$d301

