=LDR  01896aam a2200277   4500
=001  302
=008  231023s1686\\\\||||||||\||||\00|\0\dut\d
=041  \\$adut
=100  \\$aDuker, Gisbert Wessel$d1666-1736$4aut$95103
=245  \\$aNoodige waerschouwinge tegen de valsche beschuldigingen en lasteringen van Johannes Regius
=260  \\$aFraneker$bGyselaar$c1686
=300  \\$a16 pages
=500  \\$ain convolute with various 17th-century theological prints
=501  \\$aBound in with 'Res judicata', ’Consideratien…’, ‘Klare, ende krachtige bewijs-redenen…’, ‘Waerschouwinge…’, ‘Oordeel…’, ‘Nodige waerschouwinge tegen het oordeel…’, ‘Cartesius vindicatus’, ‘ N. I. M. F. L. P. Zeland. Dissertatio theologica…’, ‘ Sermo academicus de nupera oceani exundatione’, ‘Oratio inauguralis de sectanda veritate in amore’ ,‘ Oratio de apparitionibus Jesu Christi’ and ‘ Belgica afflicta’
=590  \\$aProfessor der Philosophie tot Franeker. In desselfs onnoodige en ongegronde waerschouwing, enz. Kortelijck opgestelt van Gisbert Wessel Duker, Der Philosophie Doctor.
=648  \0$a17th Century (1601-1700)$1http://www.wikidata.org/entity/Q7016$920923
=650  \0$aReligion$1http://www.wikidata.org/entity/Q9174$93062
=650  \0$aTheology$1http://www.wikidata.org/entity/Q34178$93009
=650  \0$aPhilosophy$1http://www.wikidata.org/entity/Q5891$92357
=651  \0$aNetherlands$1http://www.wikidata.org/entity/Q55$9173
=700  \\$aRegius, Johannes$d1656-1738$1http://www.wikidata.org/entity/Q58316790$4asn$95102
=773  \\$0296 $tRes judicata$w296 
=856  \\$uhttps://books.google.be/books?id=xzFpnaLchhEC$3Google Books
=942  \\$cBOO
=952  \\$00$10$2ddc$40$6KTS_1_000000000000000_C3_33_02E22H$70$8RAR$9302$aORPH$bORPH$cKTS1_C3$d2020-07-08$eKoopman$l0$oKTS1 C3.33 02E22h$p20145916h$r2021-01-12 00:00:00$w2021-01-12$yBOO
=999  \\$d302

