=LDR  01762aam a2200253   4500
=001  303
=008  231023s1687\\\\||||||||\||||\00|\0\lat\d
=041  \\$alat
=100  \\$aDescartes, René$d1596-1650$4asn$1http://www.wikidata.org/entity/Q9191$95525
=245  \\$aCartesius vindicatus$bSive Divina Revelationis Auctoritas à Ratione independens
=260  \\$aUtrecht$bHalma$c1687
=300  \\$a20 pages
=500  \\$ain convolute with various 17th-century theological prints
=500  \\$atitle-page has the motto "Quos aspicit fovet"
=501  \\$aBound in with ’Res judicata', 'Consideratien…’, ‘Klare, ende krachtige bewijs-redenen…’, ‘Waerschouwinge…’, ‘Oordeel…’, ‘Nodige waerschouwinge tegen het oordeel…’, . Noodige waerschouwinge tegen de valsche beschuldigingen…’, ‘ N. I. M. F. L. P. Zeland. Dissertatio theologica…’, ‘ Sermo academicus de nupera oceani exundatione’, ‘Oratio inauguralis de sectanda veritate in amore’ ,‘ Oratio de apparitionibus Jesu Christi’ and ‘ Belgica afflicta’

=590  \\$aAsserta Ex Ratione pro Cartesio Propositionem Franequeranam, De Divina Scripturarum Auctoritate, quae non aliunde (non nisi) ex Ratione adstrui possit.
=648  \0$a17th Century (1601-1700)$1http://www.wikidata.org/entity/Q7016$920923
=650  \0$aPhilosophy$1http://www.wikidata.org/entity/Q5891$92357
=651  \0$aNetherlands$1http://www.wikidata.org/entity/Q55$9173
=773  \\$0296$tRes judicata$w296
=856  \\$uhttps://books.google.be/books?id=Qto-AAAAcAAJ$3Google Books
=942  \\$cBOO
=952  \\$00$10$2ddc$40$6KTS_1_000000000000000_C3_33_02E22I$70$8RAR$9303$aORPH$bORPH$cKTS1_C3$d2020-07-08$eKoopman$l0$oKTS1 C3.33 02E22i$p20145916i$r2021-01-12 00:00:00$w2021-01-12$yBOO
=999  \\$d303

