=LDR  01990aam a2200289   4500
=001  304
=008  231023s1687\\\\||||||||\||||\00|\0\lat\d
=041  \\$alat
=100  \\$aHuberus, Ulricus$d1636-1694$1http://www.wikidata.org/entity/Q41973$4aut$95105
=245  \\$aN. I. M. F. L. P. Zeland. Dissertatio theologica, de motis nuper in Frisia controversiis super Authoritate S. Scripturæ, & testimonio Spiritus Sancti
=260  \\$aGoes$bSmytegelt$c1687
=300  \\$a[xiv]-68 pages
=500  \\$aHuber was a professor of law at the University of Franeker and a political philosopher.
=500  \\$ain convolute with various 17th-century theological prints
=500  \\$a"Theological dissertation , concerning the late controversy in Friesland about the authority of the Holy Scriptures, and the testimony of the Holy Spirit, In what light the question is discussed: Can the divinity and authority of the Holy Spirit not be established from any other source than from reason?... "
=590  \\$aQua fuse disseritur de Quaestione, An S. S. Divinitas & authoritas non aliunde quam ex ratione adstrui possit? Ad virum Amplissimum. Ea quae nuper D.J. Vander Waeyen in Epistola ad D. G. Anslarium disseruit, amicè ad censuram revocantur.
=648  \0$a17th Century (1601-1700)$1http://www.wikidata.org/entity/Q7016$920923
=650  \0$aReligion$1http://www.wikidata.org/entity/Q9174$93062
=650  \0$aPhilosophy$1http://www.wikidata.org/entity/Q5891$92357
=650  \0$aTheology$1http://www.wikidata.org/entity/Q34178$93009
=651  \0$aFriesland (Netherlands)$1http://www.wikidata.org/entity/Q770$921961
=653  \\$aHuberus, U.$3wb$932968$020145916j$w02E22j
=773  \\$0296 $tRes judicata$w296 
=856  \\$uhttps://books.google.be/books?id=9H9oAAAAcAAJ$3Google Books
=942  \\$cBOO
=952  \\$00$10$2ddc$40$6KTS_1_000000000000000_C3_33_02E22J$70$8RAR$9304$aORPH$bORPH$cKTS1_C3$d2020-07-08$eKoopman$l0$oKTS1 C3.33 02E22j$p20145916j$r2021-01-12 00:00:00$w2021-01-12$yBOO
=999  \\$d304

