=LDR  01686aam a2200265   4500
=001  305
=008  231023s1682\\\\||||||||\||||\00|\0\lat\d
=041  \\$alat
=100  \\$aLeydecker, Melchior$d1642-1721$1http://www.wikidata.org/entity/Q1264119$4aut$95106
=245  \\$aSermo academicus de nupera oceani exundatione
=260  \\$aUtrecht$bClerck$c1682
=300  \\$a24 pages
=500  \\$ain convolute with various 17th-century theological prints
=501  \\$aBound in with 'Res judicata', ’Consideratien…’, ‘Klare, ende krachtige bewijs-redenen…’, ‘Waerschouwinge…’, ‘Oordeel…’, ‘Nodige waerschouwinge tegen het oordeel…’, . Noodige waerschouwinge tegen de valsche beschuldigingen…’, ‘Cartesius vindicatus’, ‘ N. I. M. F. L. P. Zeland. Dissertatio theologica…’, ‘Oratio inauguralis de sectanda veritate in amore’ ,‘ Oratio de apparitionibus Jesu Christi’ and ‘ Belgica afflicta’
=590  \\$aAd Cujusdam Nummi Inscriptionem Idem Protector & Hostis
=648  \0$a17th Century (1601-1700)$1http://www.wikidata.org/entity/Q7016$920923
=650  \0$aReligion$1http://www.wikidata.org/entity/Q9174$93062
=650  \0$aTheology$1http://www.wikidata.org/entity/Q34178$93009
=650  \0$aSermon$1http://www.wikidata.org/entity/Q60797$921869
=651  \0$aNetherlands$1http://www.wikidata.org/entity/Q55$9173
=773  \\$0296$tRes judicata$w296
=856  \\$uhttps://books.google.be/books?id=kyxHAAAAcAAJ$3Google Books
=942  \\$cBOO
=952  \\$00$10$2ddc$40$6KTS_1_000000000000000_C3_33_02E22K$70$8RAR$9305$aORPH$bORPH$cKTS1_C3$d2020-07-08$eKoopman$l0$oKTS1 C3.33 02E22k$p20145916k$r2021-01-12 00:00:00$w2021-01-12$yBOO
=999  \\$d305

