=LDR  01702aam a2200253   4500
=001  306
=008  231018s1669\\\\||||||||\||||\00|\0\dut\d
=041  \\$adut
=100  \\$aAnonymous$4aut$94790
=245  \\$aOordeel van eenige Eerw. en Hoogh-geleerde Schotse Predicanten over het Boeck van Lud. Wolzogen
=260  \\$aUtrecht$bBlirick$c1669
=300  \\$a27 pages
=500  \\$ain convolute with various 17th-century theological prints
=501  \\$aBound in with 'Res judicata', ’Consideratien…’, ‘Klare, ende krachtige bewijs-redenen…’, ‘Waerschouwinge…’, ‘Nodige waerschouwinge tegen het oordeel…’, . Nodige waerschouwinge tegen de valsche beschuldigingen…’, ‘Cartesius vindicatus’, ‘ N. I. M. F. L. P. Zeland. Dissertatio theologica…’, ‘ Sermo academicus de nupera oceani exundatione’, ‘Oratio inauguralis de sectanda veritate in amore’ ,‘ Oratio de apparitionibus Jesu Christi’ and ‘ Belgica afflicta’

=590  \\$a't Welck den Titel heeft van den Uytlegger der Schrifturen, Gesonden aen de Nederlandtsche Walsche Consitorie tot Middelburgh
=648  \0$a17th Century (1601-1700)$1http://www.wikidata.org/entity/Q7016$920923
=650  \0$aReligion$1http://www.wikidata.org/entity/Q9174$93062
=650  \0$aTheology$1http://www.wikidata.org/entity/Q34178$93009
=651  \0$aMiddelburg (Netherlands)$1http://www.wikidata.org/entity/Q10076$924131
=700  \\$aWolzogen, Ludwig von$4asn$95107
=773  \\$0296$tRes judicata$w296
=942  \\$cBOO
=952  \\$00$10$2ddc$40$6KTS_1_000000000000000_C3_33_02E22F$70$8RAR$9306$aORPH$bORPH$cKTS1_C3$d2020-07-08$eKoopman$l0$oKTS1 C3.33 02E22f$p20145916f$r2021-01-12 00:00:00$w2021-01-12$yBOO
=999  \\$d306

