=LDR  01808aam a2200265   4500
=001  307
=008  231023s1676\\\\||||||||\||||\00|\s\lat\d
=041  \\$alat
=100  \\$aMomma, Wilhelm$d1642-1677$1http://www.wikidata.org/entity/Q1570533$4aut$95108
=245  \\$aOratio de apparitionibus Jesu Christi
=260  \\$aMiddelburg$bNoenaard$c1676
=300  \\$a24 pages
=500  \\$ain convolute with various 17th-century theological prints
=500  \\$a"Prayer about the apparitions of Jesus Christ. He lived in Middelburg, when he took up the profession of theology there. In 1676 a.d. June 8"
=501  \\$aBound in with 'Res judicata', ’Consideratien…’, ‘Klare, ende krachtige bewijs-redenen…’, ‘Waerschouwinge…’, ‘Oordeel…’, ‘Nodige waerschouwinge tegen het oordeel…’, . Noodige waerschouwinge tegen de valsche beschuldigingen…’, ‘Cartesius vindicatus’, ‘ N. I. M. F. L. P. Zeland. Dissertatio theologica…’, ‘ Sermo academicus de nupera oceani exundatione’, ‘Oratio inauguralis de sectanda veritate in amore’ and ‘Belgica afflicta’
=590  \\$aHabita Medioburgi, cum theologiae professionem ibidem susciperet. Anno 1676 a.d. 8 junii.
=648  \0$a17th Century (1601-1700)$1http://www.wikidata.org/entity/Q7016$920923
=650  \0$aReligion$1http://www.wikidata.org/entity/Q9174$93062
=650  \0$aTheology$1http://www.wikidata.org/entity/Q34178$93009
=651  \0$aNetherlands$1http://www.wikidata.org/entity/Q55$9173
=773  \\$0296$tRes judicata$w296
=856  \\$uhttps://books.google.be/books?id=OqtiAAAAcAAJ$3Google Books
=942  \\$cBOO
=952  \\$00$10$2ddc$40$6KTS_1_000000000000000_C3_33_02E22M$70$8RAR$9307$aORPH$bORPH$cKTS1_C3$d2020-07-08$eKoopman$l0$oKTS1 C3.33 02E22m$p20145916m$r2021-01-12 00:00:00$w2021-01-12$yBOO
=999  \\$d307

