=LDR  01564aam a2200289   4500
=001  308
=008  231023s1673\\\\||||||||\||||\00|\0\lat\d
=041  \\$alat
=100  \\$aBurman, Frans$d1628-1679$4aut$1http://www.wikidata.org/entity/Q1445402$96880
=245  \\$aBelgica afflicta sive Oratio de calamitatibus communis patriæ
=260  \\$aUtrecht$bNoenaard$c1673
=300  \\$a[viii]-52 pages
=336  \\$abook
=336  \\$aprinted
=500  \\$ain convolute with various 17th-century theological prints
=500  \\$a"Belgium afflicted, or Oration on the calamities of the common country especially in the Province of Utrecht, with whom there is conflict. Said in Utrecht, in the Theological acroterium, a.d. 18 November 1673"
=590  \\$apraecipue vero Ultrajectinae Provinciae, quibus est conflicta. Dicta Trajecti ad Rhenum, in acroaterio Theologico, a.d. xviii novembr 1673
=648  \0$a17th Century (1601-1700)$1http://www.wikidata.org/entity/Q7016$920923
=650  \0$aReligion$1http://www.wikidata.org/entity/Q9174$93062
=650  \0$aHistory$1http://www.wikidata.org/entity/Q309$921403
=651  \0$aNetherlands$1http://www.wikidata.org/entity/Q55$9173
=651  \0$aBelgium$1http://www.wikidata.org/entity/Q31$920881
=773  \\$0296$tRes judicata$w296
=856  \\$uhttps://books.google.be/books?id=_1tbAAAAQAAJ$3Google Books
=942  \\$cBOO
=952  \\$00$10$2ddc$40$6KTS_1_000000000000000_C3_33_02E22N$70$8RAR$9308$aORPH$bORPH$cKTS1_C3$d2020-07-08$eKoopman$l0$oKTS1 C3.33 02E22n$p20145916n$r2021-01-12 00:00:00$w2021-01-12$yBOO
=999  \\$d308

