=LDR  00925aam a2200205   4500
=001  309
=008  231018s1785\\\\|||a||||\||||\00|\p\dut\d
=041  \\$adut
=100  \\$aBilderdijk, Willem$d1756-1831$4aut$1http://www.wikidata.org/entity/Q1375186$94900
=245  \\$aBloemtjens
=250  \\$a1st ed.
=260  \\$aAmsterdam$bUylenbroek$c1785
=300  \\$a[viii]-134-[2] pages$bcardboard binding, illustrations, engraved title page
=648  \0$a18th Century (1701-1800)$1http://www.wikidata.org/entity/Q7015$920899
=650  \0$aPoetry$1http://www.wikidata.org/entity/Q482$93026
=651  \0$aNetherlands$1http://www.wikidata.org/entity/Q55$9173
=856  \\$uhttps://books.google.be/books?id=OC4UAAAAQAAJ$3Google Books
=942  \\$cBOO
=952  \\$00$10$2ddc$40$6KTS_1_000000000000000_C3_33_02E23$70$8RAR$9309$aORPH$bORPH$cKTS1_C3$d2020-07-08$eKoopman$l0$oKTS1 C3.33 02E23$p20145922$r2021-01-12 00:00:00$w2021-01-12$yBOO
=999  \\$d309

