=LDR  01881aam a2200265   4500
=001  310
=008  231023s1678\\\\||||||||\||||\00|\s\lat\d
=041  \\$alat
=100  \\$aLeydecker, Melchior$d1642-1721$1http://www.wikidata.org/entity/Q1264119$4aut$95106
=245  \\$aOratio inauguralis de sectanda veritate in amore
=250  \\$a1st ed.
=260  \\$aUtrecht$bDreunen$c1678
=300  \\$a26 pages$bengraved title page
=500  \\$ain convolute with various 17th-century theological prints
=500  \\$a"Inaugural speech on following the truth in love. Dwelling in the most crowded Auditorium, when he was solemnly introduced to the ordinary profession of theology. On the 8th of April, in the year 1678"
=501  \\$aBound in with 'Res judicata', ’Consideratien…’, ‘Klare, ende krachtige bewijs-redenen…’, ‘Waerschouwinge…’, ‘Oordeel…’, ‘Nodige waerschouwinge tegen het oordeel…’, . Noodige waerschouwinge tegen de valsche beschuldigingen…’, ‘Cartesius vindicatus’, ‘ N. I. M. F. L. P. Zeland. Dissertatio theologica…’, ‘ Sermo academicus de nupera oceani exundatione’, 'Oratio de apparitionibus Jesu Christi’ and ‘ Belgica afflicta’
=590  \\$aHabita in frequentissimo Auditorio cum solenniter ad professionem theologicam ordinariam introduceretut. Ad diem 8 Aprilis, Anno 1678
=648  \0$a17th Century (1601-1700)$1http://www.wikidata.org/entity/Q7016$920923
=650  \0$aReligion$1http://www.wikidata.org/entity/Q9174$93062
=650  \0$aTheology$1http://www.wikidata.org/entity/Q34178$93009
=651  \0$aNetherlands$1http://www.wikidata.org/entity/Q55$9173
=773  \\$0296$tRes judicata$w296
=942  \\$cBOO
=952  \\$00$10$2ddc$40$6KTS_1_000000000000000_C3_33_02E22L$70$8RAR$9310$aORPH$bORPH$cKTS1_C3$d2020-07-08$eKoopman$l0$oKTS1 C3.33 02E22l$p20145916l$r2021-01-12 00:00:00$w2021-01-12$yBOO
=999  \\$d310

