=LDR  01630aam a2200301   4500
=001  319
=008  220114r17391661|||a||||\||||\00|\p\dut\d
=041  \\$adut
=100  \\$aSluyter, Willem$d1627-1673$4aut$1http://www.wikidata.org/entity/Q2203981$95116
=245  \\$aPsalmen, lofsangen, ende geestelijke liedekens, op lees- ende sang-mate gerijmt
=260  \\$aAmsterdam$bde Groot$c1739
=300  \\$a[liv]-196-15-[6] pages
=336  \\$aprinted
=500  \\$aWillem Sluyter or Sluyter (1627-1673) was a preacher and a popular poet
=500  \\$asee also 11G20 (1722 edition)
=501  \\$a'Jeremia's Klaeg-liederen'
'Lofsang der Heylige Maegd Maria, en triumpheerende Christus'
=534  \\$aOriginally published in 1661$ohttps://www.dbnl.org/tekst/slui006psal01_01/
=590  \\$aende nu noch eenige met bovengestelde bekender voysen verbetert, van nieuws vermeerdert met het Hooge-Lied Salomons
=648  \0$a17th Century (1601-1700)$1http://www.wikidata.org/entity/Q7016$920923
=648  \0$a18th Century (1701-1800)$1http://www.wikidata.org/entity/Q7015$920899
=650  \0$aReligion$1http://www.wikidata.org/entity/Q9174$93062
=650  \0$aPsalm$1http://www.wikidata.org/entity/Q12497663$92164
=650  \0$aPoetry$1http://www.wikidata.org/entity/Q482$93026
=651  \0$aNetherlands$1http://www.wikidata.org/entity/Q55$9173
=856  \\$uhttps://books.google.be/books?id=EHxWAAAAcAAJ$3Google Books
=942  \\$cBOO
=952  \\$00$10$2ddc$40$6KTS_1_000000000000000_C1_69_02F10A$70$8RAR$9319$aORPH$bORPH$cKTS1_C1$d2020-07-08$eKoopman$i02F10a$oKTS1 C1.69 02F10a$p20138223$r2021-01-12 00:00:00$w2021-01-12$yBOO
=999  \\$d319

