=LDR  01531aam a2200289   4500
=001  322
=008  220114r17391669|||a||||\||||\00|\p\dut\d
=041  \\$adut
=100  \\$aSluyter, Willem$d1627-1673$4aut$1http://www.wikidata.org/entity/Q2203981$95116
=245  \\$aLofsang der Heylige Maegd Maria, en triumpheerende Christus
=260  \\$aAmsterdam$bde Groot$c1739
=300  \\$a[vii]-83-43-[8] pages
=336  \\$aprinted
=500  \\$asee also 11G20
=501  \\$a'Psalmen, lofsangen, ende geestelijke liedekens, op lees- ende sang-mate gerijmt'
'Jeremia's Klaeg-liederen'
=534  \\$aOriginally published in 1669
=648  \0$a17th Century (1601-1700)$1http://www.wikidata.org/entity/Q7016$920923
=648  \0$a18th Century (1701-1800)$1http://www.wikidata.org/entity/Q7015$920899
=650  \0$aReligion$1http://www.wikidata.org/entity/Q9174$93062
=650  \0$aPoetry$1http://www.wikidata.org/entity/Q482$93026
=651  \0$aNetherlands$1http://www.wikidata.org/entity/Q55$9173
=773  \\$0319$tPsalmen, lofsangen, ende geestelijke liedekens$w319
=856  \\$uhttps://books.google.be/books?id=F3xWAAAAcAAJ$3Google Books
=942  \\$cBOO
=952  \\$00$10$2ddc$40$6KTS_1_000000000000000_C1_69_02F10C$70$8RAR$9322$aORPH$bORPH$cKTS1_C1$d2020-07-08$eKoopman$i02F10c$oKTS1 C1.69 02F10c$r2021-01-12 00:00:00$w2021-01-12$yBOO
=952  \\$00$10$2ddc$40$6KTS_1_000000000000000_C1_69_02F10C$70$8RAR$923785$aORPH$bORPH$cKTS1_C1$d2020-07-08$eKoopman$i02F10c$l0$oKTS1 C1.69 02F10c$r2021-01-12 00:00:00$w2021-01-12$yBOO
=999  \\$d322

