=LDR  00881acm a2200217   4500
=001  324
=008  220114s1786\\\\|||||k||\||||\00|\0\fre\d
=041  \\$alat
=059  \\$av
=245  \\$aPetit antiphonaire à l'usage des Diocèses de Toul, Nancy & S.-Diez
=260  \\$aNancy$bLeseure$c1786
=300  \\$a693-ccxx pages
=336  \\$aprinted
=500  \\$aContains woodcut vignettes
=648  \0$a18th Century (1701-1800)$1http://www.wikidata.org/entity/Q7015$920899
=650  \0$aAntiphonary$1http://www.wikidata.org/entity/Q1385360$921617
=650  \0$aPrayer$1http://www.wikidata.org/entity/Q40953$921486
=651  \0$aFrance$1http://www.wikidata.org/entity/Q142$9131
=942  \\$cSCO
=952  \\$00$10$2ddc$40$6KTS_1_000000000000000_C1_69_02F08$70$8RAR$9324$aORPH$bORPH$cKTS1_C1$d2020-07-08$eKoopman$i02F08$oKTS1 C1.69 02F08$p20138221$r2021-01-12 00:00:00$w2021-01-12$ySCO
=999  \\$d324

