=LDR  02190aac a2200325   4500
=001  326
=008  220117i17821783||||||||\||||\00|\i\dut\d
=041  \\$adut$hfre
=100  \\$aGenlis, Stéphanie Félicité Ducrest de Saint-Aubin de $ccomtesse$d1746-1830$4aut$95118
=245  \\$aAdele en Theodoor, of Brieven over de opvoeding$nvols. 1-3/3
=260  \\$aThe Hague$bVan Cleef$c1782
=300  \\$a3 vols. (vii-367+366+388 pages)
=336  \\$aprinted
=500  \\$aMadame or Comtesse de Genlis (1746-1830) fostered idiosyncratic ideas on education in her novels and journals
=534  \\$aOriginally published in French in 1782
=561  \\$aEx libris Rice Institute Library
=648  \0$a18th Century (1701-1800)$1http://www.wikidata.org/entity/Q7015$920899
=650  \0$aNovel$1http://www.wikidata.org/entity/Q8261$921629
=650  \0$aCorrespondence$1http://www.wikidata.org/entity/Q1784733$921392
=650  \0$aMoral education$1http://www.wikidata.org/entity/Q25457248$93171
=700  \\$4trl$aWolff, Betje$d1738-1804$1http://www.wikidata.org/entity/Q183007$95119
=765  \\$aAdèle et Théodor, ou Lettres sur l'éducation
=856  \\$uhttps://www.delpher.nl/nl/boeken/view?coll=boeken&identifier=dpo:10252:mpeg21:0001$3vol. 1
=856  \\$uhttps://www.delpher.nl/nl/boeken/view?identifier=dpo:10253:mpeg21:0004&query=adele+en+theodoor&coll=boeken&sortfield=date$3vol. 2
=856  \\$uhttps://www.delpher.nl/nl/boeken/view?identifier=dpo:10254:mpeg21:0004&query=adele+en+theodoor&coll=boeken&sortfield=date$3vol. 3
=942  \\$cBOO
=952  \\$00$10$2ddc$3vol. 1$40$6KTS_1_000000000000000_C1_69_02F13_01$70$8RAR$9326$aORPH$bORPH$cKTS1_C1$d2020-07-08$eKoopman$i02F13_01$oKTS1 C1.69 02F13_01$p20138224$r2021-01-12 00:00:00$w2021-01-12$yBOO
=952  \\$00$10$2ddc$3vol. 2$40$6KTS_1_000000000000000_C1_69_02F13_02$70$8RAR$921194$aORPH$bORPH$cKTS1_C1$d2020-07-08$eKoopman$i02F13_02$l0$oKTS1 C1.69 02F13_02$p20138225$r2022-01-17 00:00:00$w2021-01-12$yBOO
=952  \\$00$10$2ddc$3vol. 3$40$6KTS_1_000000000000000_C1_69_02F13_03$70$8RAR$921195$aORPH$bORPH$cKTS1_C1$d2020-07-08$eKoopman$i02F13_03$l0$oKTS1 C1.69 02F13_03$p20138226$r2022-01-17 00:00:00$w2021-01-12$yBOO
=999  \\$d326

