=LDR  02176aam a2200301   4500
=001  328
=008  220117i17861788||||||||\||||\00|\d\dut\d
=041  \\$adut$hfre
=100  \\$aGenlis, Stéphanie Félicité Ducrest de Saint-Aubin de $ccomtesse$d1746-1830$4aut$95118
=245  \\$aHet schouwtoneel voor jonge lieden
=260  \\$aThe Hague$bVan Cleef$c1786-88
=300  \\$a4 vols. (viii-481+455+404+399 pages)
=500  \\$aMadame or Comtesse de Genlis (1746-1830) fostered idiosyncratic ideas on education in her novels and journals. The plays in this volume were conceived for the private theater of Madame de Montesson, a relative of hers.
=534  \\$aOriginally published in 1779-80
=561  \\$aEx libris Rice Institute Library 
=648  \0$a18th Century (1701-1800)$1http://www.wikidata.org/entity/Q7015$920899
=650  \0$aPlay (theater)$1http://www.wikidata.org/entity/Q25379$921414
=650  \0$aMoral education$1http://www.wikidata.org/entity/Q25457248$93171
=650  \0$aThéâtre de société$1http://www.wikidata.org/entity/Q3527725$921127
=651  \0$1http://www.wikidata.org/entity/Q142$aFrance$9131
=700  \\$4trl$aWolff, Betje$d1738-1804$1http://www.wikidata.org/entity/Q183007$95119
=765  \\$aLe théâtre à l'usage des jeunes personnes, ou Théâtre de l'Éducation
=942  \\$cBOO
=952  \\$00$10$2ddc$3vol. 1$40$6KTS_1_000000000000000_C1_69_02F13_04$70$8RAR$9328$aORPH$bORPH$cKTS1_C1$d2020-07-08$eKoopman$i02F13_04$oKTS1 C1.69 02F13_04$p20138227$r2021-01-12 00:00:00$w2021-01-12$yBOO
=952  \\$00$10$2ddc$3vol. 2$40$6KTS_1_000000000000000_C1_69_02F13_05$70$8RAR$921196$aORPH$bORPH$cKTS1_C1$d2020-07-08$eKoopman$i02F13_05$l0$oKTS1 C1.69 02F13_05$p20138228$r2022-01-17 00:00:00$w2021-01-12$yBOO
=952  \\$00$10$2ddc$3vol. 3$40$6KTS_1_000000000000000_C1_69_02F13_06$70$8RAR$921197$aORPH$bORPH$cKTS1_C1$d2020-07-08$eKoopman$i02F13_06$l0$oKTS1 C1.69 02F13_06$p20138229$r2022-01-17 00:00:00$w2021-01-12$yBOO
=952  \\$00$10$2ddc$3vol. 4$40$6KTS_1_000000000000000_C1_69_02F13_07$70$8RAR$921198$aORPH$bORPH$cKTS1_C1$d2020-07-08$eKoopman$i02F13_07$l0$oKTS1 C1.69 02F13_07$p20138236$r2022-01-17 00:00:00$w2021-01-12$yBOO
=999  \\$d328

