=LDR  01023aam a2200229   4500
=001  330
=008  220117s1900\\\\||||||||\||||\00|\f\dut\d
=041  \\$adut
=100  \\$aEeden, Frederik van$d1860-1932$4aut$1http://www.wikidata.org/entity/Q211514$94949
=245  \\$aVan de koele meren des doods
=250  \\$a1st ed.
=260  \\$aAmsterdam$bVersluys$c1900
=300  \\$a513-[2] pages$bcoloured edges
=561  \\$aEx libris N.L. Smart
=648  \0$a19th Century (1801-1900)$1http://www.wikidata.org/entity/Q6955$920935
=650  \0$aNovel$1http://www.wikidata.org/entity/Q8261$921629
=650  \0$aReligion$1http://www.wikidata.org/entity/Q9174$93062
=650  \0$aDeath$1http://www.wikidata.org/entity/Q4$94425
=856  \\$uhttps://www.dbnl.org/tekst/eede003vank01_01/$3Digital Library for Dutch Literature (DBNL)
=942  \\$cBOO
=952  \\$00$10$2ddc$40$6KTS_1_000000000000000_C1_69_02F16$70$8RAR$9330$aORPH$bORPH$cKTS1_C1$d2020-07-08$eKoopman$oKTS1 C1.69 02F16$p20138239$r2021-01-12 00:00:00$w2021-01-12$yBOO
=999  \\$d330

