=LDR  01159aam a2200205   4500
=001  331
=008  220117s1884\\\\\\\a||||\||||\00|\d\dut\d
=041  \\$adut
=100  \\$aEeden, Frederik van$d1860-1932$4aut$1http://www.wikidata.org/entity/Q211514$94949
=245  \\$aHet poortje, of De duivel in Kruimelburg.$bBlijspel in vijf bedrijven en een voorspel
=250  \\$a1st ed.
=260  \\$aThe Hague$bRossing$c1884
=300  \\$a[ii]-127 pages$bgilded edges
=500  \\$aincludes document: "Aangeboden aan mejuffrouw J. Lycklama à Nyeholt als herinnering aan de opvoering van "Het poortje van Frederik van Eeden" door het Delftsch Studenten-Tooneelgezelschap op Vrijdag 14 maart 1902" (signed by five members of the board)
=648  \0$a19th Century (1801-1900)$1http://www.wikidata.org/entity/Q6955$920935
=650  \0$aPlay (theater)$1http://www.wikidata.org/entity/Q25379$921414
=650  \0$aSatire$1http://www.wikidata.org/entity/Q128758$921636
=942  \\$cBOO
=952  \\$00$10$2ddc$40$6KTS_1_000000000000000_C1_69_02F15$70$8RAR$9331$aORPH$bORPH$cKTS1_C1$d2020-07-08$eKoopman$i02F15$oKTS1 C1.69 02F15$p20138238$r2021-01-12 00:00:00$w2021-01-12$yBOO
=999  \\$d331

