=LDR  01793aam a2200265   4500
=001  334
=005  20251003085455.0
=008  220706s1930\\\\|||fa|||\c|||\00|\0\fre\d
=041  \\$afre
=100  \\$aGoudstikker, Jacques$d1897-1940$4aut$1http://www.wikidata.org/entity/Q127564$95122
=245  \\$aCatalogue des nouvelles acquisitions de la collection Goudstikker
=260  \\$aAmsterdam$bLindenbaum$c1930
=300  \\$a46 pages$b44 plates, tissue interleaves
=490  \\$vno.35
=500  \\$aJacques Goudstikker (1897-1940) was a Jewish-Dutch art dealer whose collection was seized by the Germans during WWII
=500  \\$a The Goudstikker art dealers were the largest, most influential and most specialised in the Netherlands. Goudstikker traded works by seventeenth-century Dutch painters such as Rembrandt, Willem van de Velde the Elder, Salomon van Ruysdael and Jan van der Heyden in a way that is no longer possible with such masterpieces, because they are only publicly auctioned as exceptions and have actually become museum pieces. Some other masterpieces: Claude Lorrain, Jan van Goyen, Jan Steen, Gerard ter Borch, Filippino Lippi and Jacopo del Casentino.
=500  \\$asee also 02G01-2 & 04-05
=648  \0$a20th Century (1901-2000)$1http://www.wikidata.org/entity/Q6927$920936
=650  \0$aCatalogue$1http://www.wikidata.org/entity/Q2352616$921484
=650  \0$aFine art$1http://www.wikidata.org/entity/Q219625$921579
=650  \0$aCollecting$1http://www.wikidata.org/entity/Q208165$92117
=651  \0$aAmsterdam (Netherlands)$1http://www.wikidata.org/entity/Q727$9135
=942  \\$cBOO
=952  \\$00$10$2ddc$40$6KTS_1_000000000000000_C2_30_02G03$70$8RAR$9334$aORPH$bORPH$cKTS1_C2$d2020-07-08$eKoopman$oKTS1 C2.30 02G03$p20139056$r2021-01-12 00:00:00$w2021-01-12$yBOO
=999  \\$d334

