=LDR  02248aam a2200325   4500
=001  336
=008  220706s1652\\\\||||||||\d|||\00|\0\lat\d
=041  \\$agrc
=041  \\$alat
=100  \\$aScapula, Johann$dc. 1540-c. 1600$4aut$1http://www.wikidata.org/entity/Q3179685$95123
=245  \\$aLexicon græco-latinum
=260  \\$aAmsterdam$bBlaeu$bElsevier$c1652
=300  \\$a[6]-[895]-[118]-[122] pages$btitlepage in red and black, Elsevier's printersmark on titlepage
=500  \\$aOriginal edition published in Geneve in 1580.
=501  \\$aBound in with Zwinger's 'Græcarum dialectorum hypotyposis'
=504  \\$aAfter the regular dictionary there are two extensive indexes: an index of Greek words and an index of Latin words and phrases (by Larentius Martius). The indices are printed separately at Elsevier in Leiden in 1652. 
=561  \\$aEx libris Richmond College Surrey (bookplate), Richmond College Library Lycett Room (stamp); handwriting on flyleaf illegible. 
=563  \\$abound in white vellum with ornaments on front and back cover
=590  \\$aE probatis Auctoribus locupletatum, cum indicibus, et Graeco & Latino, auctis, & correctis. Additum auctarium Dialectorum, in Tabulas compendiose redactarum. Accedunt Lexicon Etymologicum, Cum thematibus investigatu difficilioribus & Anomalis. Et Ioan. Meursii glossarium contractum, hactenus desideratum. Editio nova accurata.
=648  \0$a17th Century (1601-1700)$1http://www.wikidata.org/entity/Q7016$920923
=648  \0$aClassical Antiquity (8th Century BC-6th Century AD)$1http://www.wikidata.org/entity/Q486761$921435
=650  \0$aDictionary$1http://www.wikidata.org/entity/Q23622$921580
=650  \0$aLatin$1http://www.wikidata.org/entity/Q397$93992
=650  \0$aGreek$1http://www.wikidata.org/entity/Q9129$93363
=650  \0$aLinguistics$1http://www.wikidata.org/entity/Q8162$93902
=700  \\$4ctb$aMeursius, Johannes$d1579-1639$1http://www.wikidata.org/entity/Q547901$95124
=856  \\$uhttps://books.google.be/books?id=rXw-AAAAcAAJ$3Google Books
=942  \\$cBOO
=952  \\$00$10$2ddc$40$6KTS_1_000000000000000_C2_30_02G06A$70$8RAR$9336$aORPH$bORPH$cKTS1_C2$d2020-07-08$eKoopman$oKTS1 C2.30 02G06a$p20139062a$r2021-01-12 00:00:00$w2021-01-12$yBOO
=999  \\$d336

