=LDR  01637aam a2200301   4500
=001  337
=008  220706s1652\\\\||||||||\f|||\00|\0\lat\d
=041  \\$alat$agrc
=100  \\$aZwinger, Jakob$d1569-1610$4aut$1http://www.wikidata.org/entity/Q3160672$95128
=245  \\$aGræcarum dialectorum hypotyposis
=260  \\$a[Amsterdam]$b[Elzevier]$c[1652]
=300  \\$a[214] pages 
=500  \\$aContains the earliest definition of the hypotyposis
=500  \\$aAfter 62 numbered pages, numbering refers to columns instead of pages: 63-366
=501  \\$aBound in with Scapula's 'Lexicon Græco-Latinum’ (Amsterdam, 1652)
=534  \\$aOriginally published in 1600 as supplement to Joannes Scapula's 'Lexicon græcolatinum novum' (with which it is bound in)
=561  \\$asee 02G06a
=563  \\$asee 02G06a
=590  \\$aSeorsim primum singularum, tum conjunctuim omnium, Tabulis methodicis, Iudicio memoriaeque servientibus, proposita
=648  \0$a17th Century (1601-1700)$1http://www.wikidata.org/entity/Q7016$920923
=648  \0$aClassical Antiquity (8th Century BC-6th Century AD)$1http://www.wikidata.org/entity/Q486761$921435
=650  \0$aDictionary$1http://www.wikidata.org/entity/Q23622$921580
=650  \0$aLinguistics$1http://www.wikidata.org/entity/Q8162$93902
=650  \0$aGreek$1http://www.wikidata.org/entity/Q9129$93363
=856  \\$uhttps://books.google.be/books?id=rXw-AAAAcAAJ$3Lexicon Græco-Latinum
=942  \\$cBOO
=952  \\$00$10$2ddc$40$6KTS_1_000000000000000_C2_30_02G06B$70$8RAR$9337$aORPH$bORPH$cKTS1_C2$d2020-07-08$eKoopman$oKTS1 C2.30 02G06b$p20139062b$r2021-01-12 00:00:00$w2021-01-12$yBOO
=999  \\$d337

