=LDR  01720acm a2200289   4500
=001  338
=005  20250926134853.0
=008  220706b\\\\\\\\|||||a||\||||\00|\0\ger\d
=041  \\$ager
=059  \\$aSATB 2fl 2ob 3tpt timp 2vn vla bc org
=100  \\$aBach, Johann Sebastian$d1685-1750$4cmp$1http://www.wikidata.org/entity/Q1339$94766
=245  \\$aFreue dich, erlöste Schar [BWV 30]
=260  \\$aLeipzig$bBreitkopf & Härtel$c[1855]
=300  \\$a74 pages
=500  \\$aIn the series 'Breitkopf und Härtels Partitur-Bibliothek'
=500  \\$aFrom the collection of famous Dutch soprano Aaltje Noordewier-Reddingius (1868-1949)
=500  \\$aNoordewier performed this cantata at the Wiener Musikverein in a concert with Karl Straube in 1911, see:
https://www.wienersymphoniker.at/de/veranstaltung/straube-noordewier-reddingius-kalbeck-walther-gessner-mandyczewski-r-dittrich

=561  \\$aEx libris A. Noordewier-Reddingius (manuscript on cover)
=563  \\$aFront cover loose, needs repair
=648  \0$a20th Century (1901-2000)$1http://www.wikidata.org/entity/Q6927$920936
=650  \0$aVocal music$1http://www.wikidata.org/entity/Q685884$93319
=650  \0$aEarly music$1http://www.wikidata.org/entity/Q436016$93160
=700  \\$4edt$aRust, Wilhelm$d1822-1892$1http://www.wikidata.org/entity/Q455388$94767
=856  \\$uhttps://s9.imslp.org/files/imglnks/usimg/b/b0/IMSLP704640-PMLP149226-Bach_Freue_dich,_erl%C3%B6ste_Schaar,_BWV_30_-_Conductor_Score.pdf$3International Music Score Library Project
=942  \\$cSCO
=952  \\$00$10$2ddc$40$6KTS_1_000000000000000_C2_30_02G07$70$8RAR$9338$aORPH$bORPH$cKTS1_C2$d2020-07-08$eKoopman$oKTS1 C2.30 02G07$p20139063$r2021-01-12 00:00:00$w2021-01-12$ySCO
=999  \\$d338

