=LDR  01737acm a2200289   4500
=001  340
=008  210323s1713\\\\\\\||l||\||||\00|\0\fre\d
=041  \\$afre
=059  \\$av fl vn mus bc
=100  \\$aClérambault, Louis-Nicolas$d1676-1749$4cmp$1http://www.wikidata.org/entity/Q470149$97049
=245  \\$aCantates françoises$bMellées de Simphonies$nVol. 2
=250  \\$a1st ed.
=260  \\$aParis$bClérambault$bFoucault$c1713
=300  \\$a[ii]-124 pages
=500  \\$aWith 'Copie du Privilege' (last page)
=500  \\$aPreface/dedication by Clérambault, A Son Altesse Electorale Monseigneur Le Duc De Baviere; Clérambault's signature is on the title page
=500  \\$a"Clérambault, 1er livre, E2 (signature du fils) ; relié avec 2e livre, E2 (signature du fils)." (dixit Julien Dubruque, CMBV, 18 July 2023)
=501  \\$aBound in with Clérambault's Cantates françoises, Vol. 1
=505  \\$gAlphée et Arethuse -- Leandre et Hero -- La Musette -- Priame et Tisbe -- Pigmalion -- Le triomphe de la Paix
=590  \\$aDediées A Son Altesse Electoralle Monseignaur Le Duc de Baviere. Par Mr Clerambault, Organiste de la Maison Royale de St. Louis a St. Cir, et de l'Eglise Paroissiale de Saint Sulpice
=648  \0$a18th Century (1701-1800)$1http://www.wikidata.org/entity/Q7015$920899
=650  \0$aCantata$1http://www.wikidata.org/entity/Q174873$921603
=651  \0$aFrance$1http://www.wikidata.org/entity/Q142$9131
=856  \\$uhttps://gallica.bnf.fr/view3if/ga/ark:/12148/bpt6k5393165t/f3$3IIIF
=942  \\$cSCO
=952  \\$00$10$2ddc$3Vol. 2$40$6KTS_1_000000000000000_C2_30_02G08B$70$8RAR$9340$aORPH$bORPH$cKTS1_C2$d2020-07-08$eKoopman$oKTS1 C2.30 02G08b$p20139064b$r2021-01-12 00:00:00$w2021-01-12$ySCO
=999  \\$d340

