=LDR  01833acm a2200325   4500
=001  341
=008  220706b\\\\\\\\|||||a||\||||\00|\0\ger\d
=041  \\$ager
=059  \\$aSATB 2fl 2ob 2cl 2bsn 2tpt 4hrn 3tbn timp 2vn vla vc cb
=100  \\$aMendelssohn-Bartholdy, Felix$d1809-1847$4cmp$1http://www.wikidata.org/entity/Q46096$94998
=240  \\$aLobgesang op. 52
=245  \\$aLobgesang:$bEine Symphonie-Cantate nach Worten der Heiligen Schrift
=246  \1$aSymphony no. 2
=260  \\$aLeipzig$bBreitkopf & Härtel$c[1841]
=300  \\$a[i]-234 pages
=500  \\$aComposed 1840 to celebrate the 400th anniversary of the Gutenberg Bible
=500  \\$aalso known as the Second Symphony in B-flat major
=500  \\$aThe text consists of Psalm verses and some other Biblical texts
=500  \\$aContains notes/markings in pencil: rehearsal marks (letters), tempi in metronome numbers, dynamics, articulations, etc.
=500  \\$aA separate sheet of music paper is inserted with the Chorale "Nun danket alle Gott" (page 182), on which the chorale has been partly transcribed in different clefs (manuscript).
=561  \\$aEx libris R.B.vanden Bosch (manuscript) and  A.J. Wetrens (stamp)
=648  \0$a19th Century (1801-1900)$1http://www.wikidata.org/entity/Q6955$920935
=650  \0$aSymphony$1http://www.wikidata.org/entity/Q9734$92527
=650  \0$aCantata$1http://www.wikidata.org/entity/Q174873$921603
=650  \0$aPsalm$1http://www.wikidata.org/entity/Q12497663$92164
=651  \0$aGermany$1http://www.wikidata.org/entity/Q183$9155
=856  \\$uhttps://books.google.be/books?id=7EFeAAAAcAAJ$3Google Books
=942  \\$cSCO
=952  \\$00$10$2ddc$40$6KTS_1_000000000000000_C2_30_02G09$70$8RAR$9341$aORPH$bORPH$cKTS1_C2$d2020-07-08$eKoopman$oKTS1 C2.30 02G09$p20139065$r2021-01-12 00:00:00$w2021-01-12$ySCO
=999  \\$d341

