=LDR  01600    a2200277   4500
=001  346
=008  220711s1836\\\\|||fac||\||||\00|\0\dut\d
=041  \\$adut
=100  \\$aSallieth, Mathias de$d1749-1791$4edt$4egr$1http://www.wikidata.org/entity/Q49980414$95131
=100  \\$aPerkois, Jacob$d1756-1804$4ill$1http://www.wikidata.org/entity/Q52149378$95132
=100  \\$aPrins, Johannes Huibert $d1757-1806$4ill$95133
=245  \\$aVerzameling van verschillende gekleede mans- en vrouwenstanden,$bter oefening van jonge schilders en liefhebbers.
=260  \\$aAmsterdam$bKoster$c1836
=300  \\$a35 pages$bengraved title page, plates$c 31x20 cm
=336  \\$aprinted
=500  \\$a33 plates, depicting various costumes, musicians, beggars, tavern scenes, professions etc
=500  \\$aincluding one of a hurdy-gurdy player, and a couple playing a street-organ and a tambourine
=500  \\$aMathias de Sallieth was a Czech/Dutch copperplate engraver and publisher
=590  \\$aNaar het leven getekend door de kunstteekenaars Perkois en Prins, en in Koper gebragt door den kunstgraveur M. De Sallieth
=648  \0$a19th Century (1801-1900)$1http://www.wikidata.org/entity/Q6955$920935
=650  \0$aFine art$1http://www.wikidata.org/entity/Q219625$921579
=650  \0$aHistory$1http://www.wikidata.org/entity/Q309$921403
=651  \0$aNetherlands$1http://www.wikidata.org/entity/Q55$9173
=942  \\$cBOO
=952  \\$00$10$2ddc$40$6KTS_1_000000000000000_C2_30_02G14$70$8RAR$9346$aORPH$bORPH$cKTS1_C2$d2020-07-08$eKoopman$oKTS1 C2.30 02G14$p20139000$r2021-01-12 00:00:00$w2021-01-12$yBOO
=999  \\$d346

