=LDR  02930aca a2200397   4500
=001  347
=005  20250925143254.0
=008  220711s1936\\\\|||||l||\||||\00|\0\mul\d
=024  \\$2https://www.wikidata.org/wiki/Q911776
=041  \\$afre$aeng
=059  \\$aorg
=100  \\$aMessiaen, Olivier$d1908-1992$4cmp$1http://www.wikidata.org/entity/Q151593$95134
=245  \\$aLa Nativité du Seigneur. Neuf méditations pour orgue
=246  \1$aThe Birth of the Lord. Nine Meditations for Organ
=250  \\$a1st ed.
=260  \\$aParis$bLeduc$c1936
=300  \\$a4 vols. ([vi]-10 + [iv]-8 + [ii]-11 + [iv]-12 pages)
=500  \\$aComposed 1935
=500  \\$amanuscript notes and red & blue pensil markings throughout 
=500  \\$ainserted leaflet contains manuscript registration-notes for book 4
=500  \\$a1er Fascicule - 1st Book: I. La Vierge et l'Enfant / The Virgin and the Child - II. Les Bergers / The Shepherds - III. Desseins Éternels / Eternal Purposes
=500  \\$a2e Fascicule - 2nd Book: IV. Le Verbe / The Word - V. Les Enfants de Dieu / God's Children
=500  \\$a3e Fascicule - 3rd Book: VI. Les Anges / The Angels - VII. Jésus accepte la Souffrance / Jesus accepts sorrow - VIII. Les Mages / The wise men
=500  \\$a4e Fascicule - 4rd Book: IX. Dieu parmi nous / God Among us
=500  \\$athird book dedicated by Messiaen Autograph to Mme Grette Dufour ("À Mademoiselle Guette Dufour hommage bien sincère de l'auteur Olivier Messiaen")
=500  \\$aEx Libris Marcel Paponaud (1893-1988) lived and worked in Lyon as an organist and professor at the Conservatoire.  He studied organ with Bonnet, Dupré and Tournemire. 
=561  \\$aEx libris M. Paponaud (manuscript)
=590  \\$aLe premier fascicule contient une note de l'Auteur sur l'esthétique, le symbolique et la technique des neufs pièces considérées du triple point de vue théologique, instrumental et musical.
=648  \0$a20th Century (1901-2000)$1http://www.wikidata.org/entity/Q6927$920936
=650  \0$aOrgan music$1http://www.wikidata.org/entity/Q2003283$91951
=942  \\$cSCO
=952  \\$00$10$2ddc$3Méditation 1-3$40$6KTS_1_000000000000000_C2_30_02G15A$70$8RAR$9347$aORPH$bORPH$cKTS1_C2$d2020-07-08$eKoopman$oKTS1 C2.30 02G15a$p20138924$r2021-01-12 00:00:00$w2021-01-12$ySCO
=952  \\$00$10$2ddc$3Méditation 4-5$40$6KTS_1_000000000000000_C2_30_02G15B$70$8RAR$921617$aORPH$bORPH$cKTS1_C2$d2020-07-08$eKoopman$l0$oKTS1 C2.30 02G15b$p20138925$r2022-07-11 00:00:00$w2021-01-12$ySCO
=952  \\$00$10$2ddc$3Méditation 6-8$40$6KTS_1_000000000000000_C2_30_02G15C$70$8RAR$921618$aORPH$bORPH$cKTS1_C2$d2020-07-08$eKoopman$l0$oKTS1 C2.30 02G15c$p20138926$r2022-07-11 00:00:00$w2021-01-12$ySCO
=952  \\$00$10$2ddc$3Méditation 9$40$6KTS_1_000000000000000_C2_30_02G15D$70$8RAR$921619$aORPH$bORPH$cKTS1_C2$d2020-07-08$eKoopman$l0$oKTS1 C2.30 02G15d$p20139067$r2022-07-11 00:00:00$w2021-01-12$ySCO
=999  \\$d347

