=LDR  01657aca a2200241   4500
=001  349
=008  220711s1835\\\\|||||l||\||||\00|\0\fre\d
=041  \\$afre
=059  \\$apf
=100  \\$aGaraudé, Alexis de$d1779-1852$4aut$4cmp$1http://www.wikidata.org/entity/Q1284090$95136
=245  \\$aL'Harmonie rendue facile, ou, Théorie pratique de cette science et d'accompagnement de la basse chiffrée et de la partition … op. 44
=260  \\$aParis$bGaraudé$c1835
=300  \\$a125 pages
=590  \\$aPremier Partie contient de nombreux Examples, Basses ou Exercices d'Accompagnement, dits Partimenti, sur chaque accord, sur chacun de ses Renversemens, ainsi que sur tout ce qui a rapport à l'étude de l'harmonie, et de l'Accompagnement pratique. La Seconde Partie contient le Corrigé ou remplissage d'accords des Partimenti de la Premiere Partie, afin que l'Elève puisse reconnaitre les fautes qu'il aura faites en les écirvant. Dédié à son Maître et son Ami Anton Reicha.
=648  \0$a19th Century (1801-1900)$1http://www.wikidata.org/entity/Q6955$920935
=650  \0$aBasso continuo$1http://www.wikidata.org/entity/Q724321$921065
=650  \0$aMethod$1http://www.wikidata.org/entity/Q2250960$921402
=650  \0$aPartimento$1http://www.wikidata.org/entity/Q2054960$921242
=700  \\$4dte$aReicha, Anton$d1770-1836$1http://www.wikidata.org/entity/Q311387$916024
=856  \\$uhttps://books.google.be/books?id=4vGuplWMOMYC$3Google Books
=942  \\$cSCO
=952  \\$00$10$2ddc$40$6KTS_1_000000000000000_C2_30_02G17$70$8RAR$9349$aORPH$bORPH$cKTS1_C2$d2020-07-08$eKoopman$oKTS1 C2.30 02G17$p20139068$r2021-01-12 00:00:00$w2021-01-12$ySCO
=999  \\$d349

