=LDR  01987acm a2200361   4500
=001  350
=008  220711s1816\\\\|||||a||\||||\00|\0\fre\d
=041  \\$afre
=059  \\$avv 2fl 2ob 2cl[A] 2tpt[D] 2hrn[D] tambourine timp[D] 2vn vla vc db
=100  \\$aBoieldieu, François-Adrien$d1775-1834$4cmp$95137
=245  \\$aLa Fête du village voisin. $bOpéra comique en trois actes, Paroles de Mr Sewrin
=260  \\$aParis$bBoieldieu$c1816c
=300  \\$a[iv]-268 pages
=500  \\$aPremiered in Paris, 5 March 1816
=500  \\$asignature stamp by the composer, 'Boieldieu Rue de Richelieu, N° 92'
=500  \\$acontains Maelzel metronome marks
=500  \\$aThe spoken text is inserted between the musical numbers
=500  \\$aThis edition, complete orchestra including the complete spoken text, is quite rare and so far not online available
=500  \\$aContains a "contredanse à 8" and a "bolero"
=590  \\$aDédié à Son Altesse Royale Monseigneur le Duc de Berri
=610  \0$aOpéra-Comique (Paris, France)$1http://www.wikidata.org/entity/Q872222$920953
=648  \0$a19th Century (1801-1900)$1http://www.wikidata.org/entity/Q6955$920935
=650  \0$aPlay (theater)$1http://www.wikidata.org/entity/Q25379$921414
=650  \0$aOpera$1http://www.wikidata.org/entity/Q1344$92468
=650  \0$aMetronome$1http://www.wikidata.org/entity/Q156424$922225
=650  \0$aComedy$1http://www.wikidata.org/entity/Q40831$921436
=650  \0$aBallet$1http://www.wikidata.org/entity/Q41425$94412
=651  \0$aParis (France)$1http://www.wikidata.org/entity/Q90$9160
=700  \\$4lbt$aBossompierre, Charles-Augustin$d1771-1853$cSewrin$1http://www.wikidata.org/entity/Q3480860$95138
=856  \\$uhttps://gallica.bnf.fr/view3if/ga/ark:/12148/bpt6k11857596/f7$3IIIF
=942  \\$cSCO
=952  \\$00$10$2ddc$40$6KTS_1_000000000000000_C2_30_02G18$70$8RAR$9350$aORPH$bORPH$cKTS1_C2$d2020-07-08$eKoopman$oKTS1 C2.30 02G18$p20139069$r2021-01-12 00:00:00$w2021-01-12$ySCO
=999  \\$d350

