=LDR  02515aac a2200313   4500
=001  351
=003  OI
=005  20250905114721.0
=008  210226m16421654\\\afc||\||||\00|\0\dut\d
=041  \\$adut
=100  \\$aHooft, P. C.$d1581-1647$4aut$1http://www.wikidata.org/entity/Q10914484$95139
=245  \\$aNeederlandsche historien
=260  \\$aAmsterdam$bElsevier$c1642$c1654
=300  \\$a2 vols. ([ix]-899-[28]+[iv]-333-[9] pages)$bengraved title page, 34 plates inserted
=500  \\$aMonumental example of historical writing modelled on Tacitus
=500  \\$a2 vols. in 1, divided into 27 parts (20+7 'boeken')
=500  \\$aBeautifully illustrated. Contains plates of 'De Beeldenstormery' (1568), 'Het inneemen van den Briel' (1572), 'De Moordt der Spanjaerden te Naerden' (1572), 'Het beleg van Haarlem', 'Het beleg van Alkmaar', 'Het belegen ontset van Leyden' (folded, 1574), 'Het ontset van Kameryk' (1581), 'De mislukte aanslag des Hartogen van Anjou op Antwerpen' (1583), 'De Moordt des Prinsen van Oranje, tot Delft' (1584), 'Het belegh der stadt Antwerpen in den Jaeren 1584 en 1585', 'Gianibellies brandschepen tegens de Schipbrug des Prinsen van Parma over de Schelde', 'Het belegh van de Stadt Graave' (1586); and portraits of P.C. Hooft, Phlips II of Spain, Margaret of Austria Duchess of Savoy, Francis Duke of Anjou, Luis de Requesens y Zúñiga, Alexander Farnese Duke of Parma, William (the Silent) of Orange, Maurice of Orange, Philips of Marnix Lord of Saint-Aldegonde and Robert Dudley 1st Earl of Leicester.
=534  \\$cWritten 1628-1647 and published 1642 (first 20 books) and 1654 (seven finished books)
=590  \\$aSeedert de Ooverdraght der Heerschappye van Kaizar Kaarel den Vyfden op Kooning Philips zynen Zoon
=648  \0$a17th Century (1601-1700)$1http://www.wikidata.org/entity/Q7016$920923
=650  \0$aHistory$1http://www.wikidata.org/entity/Q309$921403
=650  \0$aMilitary history$1http://www.wikidata.org/entity/Q192781$93874
=650  \0$aEighty Years' War (1568-1648)$1http://www.wikidata.org/entity/Q164432$923273
=651  \0$aNetherlands$1http://www.wikidata.org/entity/Q55$9173
=651  \0$aBelgium$1http://www.wikidata.org/entity/Q31$920881
=700  \\$4ill$4egr$aLuiken, Jan$d1649-1712$1http://www.wikidata.org/entity/Q87466$95171
=942  \\$cBOO
=952  \\$00$10$2ddc$40$6KTS_1_000000000000000_C2_30_02G19_0102$70$8RAR$9351$aORPH$bORPH$cKTS1_C2$d2020-07-08$eKoopman$oKTS1 C2.30 02G19_01-02$p20139052$r2021-01-12 00:00:00$w2021-01-12$yBOO
=999  \\$d351

