=LDR  02408    a2200445   4500
=001  352
=008  220121s1787\\\\\\\g||||\||||\00|\0\eng\d
=041  \\$aeng
=059  \\$abc
=100  \\$aMiller, Edward$d1735-1807$4aut$1http://www.wikidata.org/entity/Q5344468$95140
=245  \\$aA Treatise on Thorough Bass and Composition
=250  \\$a1st ed.
=260  \\$aDublin$bLee$c1787
=300  \\$a52 pages
=500  \\$aPublished simultaneously with no. 09L12
=500  \\$a'I'd Mourn the Hopes', a poem by Thomas Moore (1779-1852), is written in ink on front matter. Gift
=590  \\$aIn which the Rules of Accompaniment are laid down and a variety of proper Lessons are given - the whole calculated for such Performers as are unacquainted with the Principles of Harmony
=648  \0$a18th Century (1701-1800)$1http://www.wikidata.org/entity/Q7015$920899
=650  \0$aBasso continuo$1http://www.wikidata.org/entity/Q724321$921065
=650  \0$aComposing$1http://www.wikidata.org/entity/Q92186587$93076
=651  \0$aIreland$1http://www.wikidata.org/entity/Q27$9219
=653  \0$abasse fondamental$310-12, 50, 51, 52$020139053$w02G20$929155
=653  \0$aboekprijs$3tp$020139053$w02G20$929701
=653  \0$aonbecijferde bas$345$020139053$w02G20$935379
=653  \0$aCorelli, A._na dood$342, 43, 44$020139053$w02G20$930737
=653  \0$aoude muziek vroeger$342, 43, 44$020139053$w02G20$935658
=653  \0$atasto solo$349$020139053$w02G20$936760
=653  \0$avan bc naar compositie$3wb, 1$020139053$w02G20$937336
=653  \0$avingerzetting$35, 6, 8, 14$020139053$w02G20$937568
=653  \\$abasso continuo_begrenzing in discant$33, 14$929184$020139053$w02G20
=653  \\$abasso continuo_toonherhaling in bas$348, 49$929199$020139053$w02G20
=653  \\$ahoeveel akkoorden per maat$342, 43, 44, 47, 48$932821$020139053$w02G20
=653  \\$ameespelen van bovenpartij$39, 14$934605$020139053$w02G20
=653  \\$apsalmodie$39$936246$020139053$w02G20
=653  \\$avoorhouding / oplossing$328, 30, 47$937744$020139053$w02G20
=856  \\$uhttps://www.loc.gov/item/09007846/$3Library of Congress
=856  \\$uhttps://www.loc.gov/item/09007846/manifest.json$3IIIF manifest
=942  \\$cBOO
=952  \\$00$10$2ddc$40$6KTS_1_000000000000000_C2_30_02G20$70$8RAR$9352$aORPH$bORPH$cKTS1_C2$d2020-07-08$eKoopman$oKTS1 C2.30 02G20$p20139053$r2021-01-12 00:00:00$w2021-01-12$yBOO
=999  \\$d352

