=LDR  02517acm a2200301   4500
=001  354
=008  220712q1820\\\\|||||d||\||||\00|\0\eng\d
=041  \\$aeng$hfre
=059  \\$av pf
=100  \\$aBeauharnais, Hortense de$d1783-1837$4cmp$1http://www.wikidata.org/entity/Q229875$95142
=245  \\$aThe Knight Errant,$bWritten and Composed by the Queen of Holland
=260  \\$aNew York$bRiley$c18xx
=300  \\$a[2] pages
=500  \\$aLoose sheet containing a strophic song for voice and piano: "The Knight Errant" or originally "Partant pour la Syrie" (Departing for Syria) was composed by Hortense de Beauharnais; the text was written by Alexandre de Laborde in or about 1807. The song was inspired by Napoleon's Egypt campaign. It represents a chivalric composition of the aspirations of a crusader knight in a style typical for the First French Empire. Hortense indicated in her Memoires that she wrote the music when she lived at Malmaison. During its popularity in the nineteenth century the song was arranged for numerous instruments by various composers.
=500  \\$aThe poem by Labarde was originally titled "Le beau Dunois", telling the story of the handsome crusader Dunois. Prior to his departure to Syria he prays to the Virgin Mary that he will love the most beautiful woman and that he himself may be the bravest.
=500  \\$aHortense de Beauharnais (1783-1837) was the daughter of Joséphine de Beauharnais, who married Napoleon, and mother of Napoleon III. She was Queen of Holland due to her (short) marriage (1806-1810) with Napoleon's brother Louis Napoléon (1778-1846).
=600  \0$aBonaparte, Napoleon$d1769-1821$1http://www.wikidata.org/entity/Q517$912955
=648  \0$a19th Century (1801-1900)$1http://www.wikidata.org/entity/Q6955$920935
=650  \0$aSong$1http://www.wikidata.org/entity/Q7366$94164
=650  \0$aPiano$1http://www.wikidata.org/entity/Q5994$92127
=650  \0$aMilitary history$1http://www.wikidata.org/entity/Q192781$93874
=651  \0$aFrance$1http://www.wikidata.org/entity/Q142$9131
=700  \\$4trl$aScott, Walter$d1771-1832$cSir$1http://www.wikidata.org/entity/Q79025$95143
=765  \\$aPartant pour la Syrie le jeune et beau Dunois
=856  \\$uhttps://levysheetmusic.mse.jhu.edu/collection/114/170$3Lester S. Levy Collection of Sheet Music
=942  \\$cSCO
=952  \\$00$10$2ddc$40$6KTS_1_000000000000000_C2_30_02G22$70$8RAR$9354$aORPH$bORPH$cKTS1_C2$d2020-07-08$eKoopman$oKTS1 C2.30 02G22$p20139054$r2021-01-12 00:00:00$w2021-01-12$ySCO
=999  \\$d354

