=LDR  01090acm a2200253   4500
=001  355
=008  210303b\\\\\\\\\\\||le|\||||\00|\0\eng\d
=041  \\$afre
=047  \\$asn
=059  \\$avn
=100  \\$aHonauer, Leontzi$d?1737-c. 1790$4cmp$1http://www.wikidata.org/entity/Q3830652$95144
=245  \\$aSix sonates pour le clavecin avec accompagnement de violon
=260  \\$aLondon$bWelcker$cs.d. (1761 or later)
=300  \\$a10 pages
=500  \\$aLoose part
=501  \\$aSchobert, IV Sonates pour le clavecin avec Accompagnement de violon Op.17
=590  \\$aComposées par L. Honauer & Schobert
=648  \0$a18th Century (1701-1800)$1http://www.wikidata.org/entity/Q7015$920899
=650  \0$aInstrumental music$1http://www.wikidata.org/entity/Q639197$92106
=650  \0$aSonata$1http://www.wikidata.org/entity/Q131269$921653
=700  \\$aSchobert, Johann$d1720-1767$95141
=942  \\$cSCO
=952  \\$00$10$2ddc$40$6KTS_1_000000000000000_C2_30_02G23$70$8RAR$9355$aORPH$bORPH$cKTS1_C2$d2020-07-08$eKoopman$oKTS1 C2.30 02G23$p20139072a$r2021-01-12 00:00:00$w2021-01-12$ySCO
=999  \\$d355

