=LDR  01530acm a2200265   4500
=001  358
=005  20250923161048.0
=008  220712s1776\\\\|||||le|\||||\00|\0\fre\d
=041  \\$afre
=059  \\$a2ob 2hn 4vn 2vla vc bc
=100  \\$aBreval, Jean-Baptiste$d1753-1823$4cmp$1http://www.wikidata.org/entity/Q730398$95148
=245  \\$aDeux simphonies concertantes op. 4
=260  \\$aParis$bBreval$c1776
=300  \\$a9-6-9-6-4-4-5-3-3-1-1-4 pages
=500  \\$aSinfonia I: parts for violino primo principale, violino primo Ripieno, violino secondo principale, violino secondo Ripieno, Alto obligato, Alto viola, oboe primo, oboe secondo, corno primo, corno secondo, Basso
Sinfonia II: parts for  violino primo Principale, violino primo Ripieno,, violino secondo principale, violino secondo Ripieno, violoncello obligato, alto viola, oboe primo, oboe secondo, corno primo, corno secondo, Basso
=500  \\$aAll parts bound in one
=500  \\$aRare. Not online reproduced
=648  \0$a18th Century (1701-1800)$1http://www.wikidata.org/entity/Q7015$920899
=650  \0$aInstrumental music$1http://www.wikidata.org/entity/Q639197$92106
=650  \0$aSymphony$1http://www.wikidata.org/entity/Q9734$92527
=651  \0$aParis (France)$1http://www.wikidata.org/entity/Q90$9160
=942  \\$cSCO
=952  \\$00$10$2ddc$40$6KTS_1_000000000000000_C2_30_02G26$70$8RAR$9358$aORPH$bORPH$cKTS1_C2$d2020-07-08$eKoopman$oKTS1 C2.30 02G26$p20139071$r2021-01-12 00:00:00$w2021-01-12$ySCO
=999  \\$d358
=533  \\$aDigitized by iGuana, Spring 2025.

