=LDR  01458adm a2200301   4500
=001  359
=008  210304b\\\\\\\\be\||l|||||||\00|\0\fre\d
=041  \\$afre
=047  \\$apr
=059  \\$aorg/pf
=100  \\$aVogler, Georg Joseph$d1749-1814$4cmp$1http://www.wikidata.org/entity/Q708557$911250
=245  \\$aXXXII präludes pour l'orgue ou forte-piano
=260  \\$as.l.$c1806 or later
=300  \\$a34 pages
=533  \\$aDigitized by iGuana, Spring 2022
=534  \\$aOriginally published in Munich, c. 1806
=561  \\$aMs. copy signed by 'Klose', see also 02G28 and 02G29
=648  \0$a19th Century (1801-1900)$1http://www.wikidata.org/entity/Q6955$920935
=650  \0$aPrelude$1http://www.wikidata.org/entity/Q212148$921947
=650  \0$aKeyboard music$1http://www.wikidata.org/entity/Q105715630$921412
=650  \0$aOrgan$1http://www.wikidata.org/entity/Q1444$92810
=650  \0$aPiano$1http://www.wikidata.org/entity/Q5994$92127
=650  \0$aFreedom$1http://www.wikidata.org/entity/Q310735$923033
=856  \\$uhttps://uv-v4.netlify.app/#?manifest=https://sharedcanvas.be/IIIF/manifests/15a5b2bc-497d-11ed-8eb8-cfb43df8eafa$3IIIF
=856  \\$uhttps://sharedcanvas.be/IIIF/manifests/15a5b2bc-497d-11ed-8eb8-cfb43df8eafa$3IIIF manifest
=942  \\$cMS
=952  \\$00$10$2ddc$40$6KTS_1_000000000000000_C2_30_02G27$70$8RAR$9359$aORPH$bORPH$cKTS1_C2$d2020-07-08$eKoopman$oKTS1 C2.30 02G27$p20136052$r2021-01-12 00:00:00$w2021-01-12$yMS
=999  \\$d359

