=LDR  00950adm a2200217   4500
=001  362
=008  210304n\\\\\\\\be\||le||||||\00|\0\ita\d
=041  \\$aita
=047  \\$aco
=059  \\$a2vn
=245  \\$aConcerto
=260  \\$as.l.$cs.d.
=300  \\$a8 pages
=500  \\$aTwo violin parts of an unidentified work in E flat Major in three movements: Allegro maestoso - Adagio - Rondo - Presto
=533  \\$aDigitized by iGuana, Spring 2022
=650  \0$aConcerto$1http://www.wikidata.org/entity/Q9748$921817
=856  \\$uhttps://uv-v4.netlify.app/#?manifest=https://sharedcanvas.be/IIIF/manifests/d8bc5b3e-49a2-11ed-84f2-9c91f6097018$3IIIF
=856  \\$uhttps://sharedcanvas.be/IIIF/manifests/d8bc5b3e-49a2-11ed-84f2-9c91f6097018$3IIIF manifest
=942  \\$cMS
=952  \\$00$10$2ddc$40$6KTS_1_000000000000000_C2_30_02G30$70$8RAR$9362$aORPH$bORPH$cKTS1_C2$d2020-07-08$eKoopman$oKTS1 C2.30 02G30$p20136055$r2021-01-12 00:00:00$w2021-01-12$yMS
=999  \\$d362

