=LDR  02134acm a2200265   4500
=001  363
=008  220712b\\\\\\\\|||||l||\||||\00|\0\mul\d
=041  \\$aeng$aita
=059  \\$avn bc
=100  \\$aMancini, Francesco$d1672-1737$4cmp$1http://www.wikidata.org/entity/Q1356310$95152
=245  \\$aXII Solos for a Violin with a Thorough Bass
=246  \1$a xii. Solos for a Violin or Flute
=260  \\$aLondon$bWalsh$c17xx
=300  \\$a[ii]-55 pages
=500  \\$aThe first edition was published in London, probably in 1724, by John Barrett and William Smith. It differs in 2 details from this Walsh-edition: the title page: xii. Solos for a Violin "or Flute", and Geminiani's involvement was not mentioned. Besides that, the print of the music is a perfect copy.
Francesco Geminiani's name was probably added for purely commercial reasons by the publisher. Apparently Mancini's sonatas were well received, as another reprint appeared in 1727. 
Presumably in 1724 Walsh published a re-issue: here too, the plates are the same as above, only the title-page is different, and there is no dedication. 
=500  \\$aDedicated to John Fleetwood Esq, who was the English Consul General in Naples and had returned to England in 1722.
=590  \\$aDedicated to the Hon.ble John Fleetwood Esq. Consull Gen.ll for the Kingdom of Naples. Which Solos are Proper Lessons for the Harpsichord. carefully Revis'd and Corrected By Mr. Geminiani.
=648  \0$a18th Century (1701-1800)$1http://www.wikidata.org/entity/Q7015$920899
=650  \0$aInstrumental music$1http://www.wikidata.org/entity/Q639197$92106
=700  \\$4edt$4cmp$aGeminiani, Francesco$d1687-1762$1http://www.wikidata.org/entity/Q311625$910110
=856  \\$uhttps://books.google.be/books?id=-CNfTvwyMyQC&hl=nl&pg=PP7#v=onepage&q&f=false$3Google Books
=856  \\$uhttps://imslp.org/wiki/12_Recorder_Sonatas_(Mancini%2C_Francesco)$3International Music Score Library Project
=942  \\$cSCO
=952  \\$00$10$2ddc$40$6KTS_1_000000000000000_C2_30_02G31$70$8RAR$9363$aORPH$bORPH$cKTS1_C2$d2020-07-08$eKoopman$oKTS1 C2.30 02G31$p20139077$r2021-01-12 00:00:00$w2021-01-12$ySCO
=999  \\$d363

