=LDR  01193    a2200253   4500
=001  371
=008  220118s1792\\\\\\\|||||\||||\00|\p\fre\d
=041  \\$afre
=100  \\$aVoltaire$d1694-1778$4aut$1http://www.wikidata.org/entity/Q9068$95159
=245  \\$aLa Pucelle
=246  \1$aLa Pucelle d'Orléans
=260  \\$aParis$bStoupe$bServière$c1792
=300  \\$a478 pages
=490  \\$aŒuvres de Voltaire, nouvelle édition$v10
=500  \\$aSatire on Jeanne d'Arc; followed by 'La Guerre civile de Genève, ou Les Amours de Robert Covelle' 
=534  \\$aOriginally published in 1752
=600  \0$aJeanne d'Arc$d1412-1431$1http://www.wikidata.org/entity/Q7226$923490
=648  \0$a18th Century (1701-1800)$1http://www.wikidata.org/entity/Q7015$920899
=650  \0$aPoetry$1http://www.wikidata.org/entity/Q482$93026
=651  \0$aFrance$1http://www.wikidata.org/entity/Q142$9131
=700  \\$4edt$aPalissot de Montenoy, Charles$d1730-1814$1http://www.wikidata.org/entity/Q965322$95160
=942  \\$cBOO
=952  \\$00$10$2ddc$40$6KTS_1_000000000000000_C1_63_03A10$70$8RAR$9371$aORPH$bORPH$cKTS1_C1$d2020-07-08$eKoopman$oKTS1 C1.63 03A10$p20138254$r2021-01-12 00:00:00$w2021-01-12$yBOO
=999  \\$d371

