=LDR  01153    a2200241   4500
=001  373
=008  220118s1792\\\\\\\|||||\||||\00|\i\fre\d
=041  \\$afre
=100  \\$aVoltaire$d1694-1778$4aut$1http://www.wikidata.org/entity/Q9068$95159
=245  \\$aLettres mêlées de vers
=260  \\$aParis$bStoupe$bServière$c1792
=300  \\$a448 pages
=490  \\$aŒuvres de Voltaire, nouvelle édition$v13
=648  \0$a18th Century (1701-1800)$1http://www.wikidata.org/entity/Q7015$920899
=650  \0$aCorrespondence$1http://www.wikidata.org/entity/Q1784733$921392
=650  \0$aPoetry$1http://www.wikidata.org/entity/Q482$93026
=650  \0$aEnlightenment$1http://www.wikidata.org/entity/Q12539$94532
=651  \0$aFrance$1http://www.wikidata.org/entity/Q142$9131
=700  \\$4edt$aPalissot de Montenoy, Charles$d1730-1814$1http://www.wikidata.org/entity/Q965322$95160
=856  \\$uhttps://books.google.be/books?id=BTYHAAAAQAAJ$3Google Books
=942  \\$cBOO
=952  \\$00$10$2ddc$40$6KTS_1_000000000000000_C1_63_03A13$70$8RAR$9373$aORPH$bORPH$cKTS1_C1$d2020-07-08$eKoopman$oKTS1 C1.63 03A13$p20138256$r2021-01-12 00:00:00$w2021-01-12$yBOO
=999  \\$d373

