=LDR  01838    a2200253   4500
=001  374
=008  220118s1792\\\\\\\|||||\||||\00|\f\fre\d
=041  \\$afre
=100  \\$aVoltaire$d1694-1778$4aut$1http://www.wikidata.org/entity/Q9068$95159
=245  \\$aRomans
=260  \\$aParis$bStoupe$bServière$c1792
=300  \\$a2 vols. (471+463 pages)
=490  \\$aŒuvres de Voltaire, nouvelle édition$v14-15
=505  \\$gvol. 1: Zadig ou La Destinée (1747) -- Le Monde comme il va -- Memnon ou La Sagesse humaine -- Les Deux consolés -- Histoire des voyages de Scarmentado -- Micromégas -- Histoire d'un bon Bramin -- Candide ou L'Optimisme -- L'Ingénu -- Le Blanc et le noir -- Jeannot et Colin$gvol. 2: L'Homme aux quarante écus -- La Princesse de Babylone -- Les Lettres d'Amabed -- Histoire de Jenni -- Le Taureau blanc -- Cosi-Sancta -- Songe de Platon -- Aventure de la mémoire -- Les Aveugles juges des couleurs -- Aventure indienne -- Voyage de la raison
=648  \0$a18th Century (1701-1800)$1http://www.wikidata.org/entity/Q7015$920899
=650  \0$aNovel$1http://www.wikidata.org/entity/Q8261$921629
=650  \0$aEnlightenment$1http://www.wikidata.org/entity/Q12539$94532
=651  \0$aFrance$1http://www.wikidata.org/entity/Q142$9131
=700  \\$4edt$aPalissot de Montenoy, Charles$d1730-1814$1http://www.wikidata.org/entity/Q965322$95160
=856  \\$uhttps://books.google.be/books?id=VxE-AAAAYAAJ$3vol. 1
=942  \\$cBOO
=952  \\$00$10$2ddc$3vol. 1$40$6KTS_1_000000000000000_C1_63_03A14$70$8RAR$9374$aORPH$bORPH$cKTS1_C1$d2020-07-08$eKoopman$oKTS1 C1.63 03A14$p20138260$r2021-01-12 00:00:00$w2021-01-12$yBOO
=952  \\$00$10$2ddc$3vol. 2$40$6KTS_1_000000000000000_C1_63_03A15$70$8RAR$921205$aORPH$bORPH$cKTS1_C1$d2020-07-08$eKoopman$l0$oKTS1 C1.63 03A15$p20137770$r2022-01-18 00:00:00$w2021-01-12$yBOO
=999  \\$d374

