=LDR  04512    a2200829   4500
=001  376
=008  230321s1792\\\\||||||||\||||\00|\0dfre\d
=041  \\$afre
=100  \\$aVoltaire$d1694-1778$4aut$1http://www.wikidata.org/entity/Q9068$95159
=245  \\$aSiècle de Louis XIV
=260  \\$aParis$bStoupe$bServière$c1792
=300  \\$a2 vols. (478+538 pages)
=490  \\$aŒuvres de Voltaire, nouvelle édition$v21-22
=534  \\$aOriginally published in 1751
=600  \0$aLouis XIV$cKing of France$d1638-1715$1http://www.wikidata.org/entity/Q7742$99829
=648  \0$a17th Century (1601-1700)$1http://www.wikidata.org/entity/Q7016$920923
=648  \0$a18th Century (1701-1800)$1http://www.wikidata.org/entity/Q7015$920899
=650  \0$aHistory$1http://www.wikidata.org/entity/Q309$921403
=650  \0$aBiography$1http://www.wikidata.org/entity/Q36279$91927
=651  \0$aFrance$1http://www.wikidata.org/entity/Q142$9131
=653  \0$aAddison, J.$3176$020140288$w03A22$928486
=653  \0$aBalzac, J.-L.$3366$020140288$w03A22$929057
=653  \0$aBayle$3153, 370, 371, 372$020140288$w03A22$929234
=653  \0$aBoileau, J.$3376, 377$020140288$w03A22$929732
=653  \0$aBoileau, N.$3159, 375, 376, 482$020140288$w03A22$929733
=653  \0$aBossuet, J.B.$3148, 149, 379, 380$020140288$w03A22$929821
=653  \0$aBenserade, I. de$3373$020140288$w03A22$929428
=653  \0$aNewton, I.$3177$020140288$w03A22$935220
=653  \0$aCorneille, P.$3154-156, 401$020140288$w03A22$930743
=653  \0$aCorneille, T.$3401$020140288$w03A22$930744
=653  \0$aCrébillon$3402, 403$020140288$w03A22$930837
=653  \0$aDacier$3403$020140288$w03A22$930901
=653  \0$aDacier, Mme.$3403$020140288$w03A22$930902
=653  \0$aDanchet, A.$3404, 405$020140288$w03A22$930919
=653  \0$aDescartes, R.$3136, 153, 407, 408, 409$020140288$w03A22$931025
=653  \0$aDesmarets, J.$3409$020140288$w03A22$931031
=653  \0$aPascal, B.$3146$020140288$w03A22$935779
=653  \0$aDryden, J.$3175$020140288$w03A22$931226
=653  \0$aDu Bos$3378$020140288$w03A22$931228
=653  \0$aPope, A.$3175$020140288$w03A22$936079
=653  \0$aPoussin, N. $3169, 529$020140288$w03A22$936124
=653  \0$aFénélon$3149, 150, 151, 152, 414$020140288$w03A22$931658
=653  \0$aQuinault$3159, 160, 482$020140288$w03A22$936302
=653  \0$aRacine$3156, 158, 483, 484$020140288$w03A22$936325
=653  \0$aFontaine, J. de la $3159, 160, 416, 417, 418$020140288$w03A22$931811
=653  \0$aFontenelle$3418, 419, 420$020140288$w03A22$931815
=653  \0$aFranse muziek$3525, 526$020140288$w03A22$931885
=653  \0$aGalilei, G.$3136$020140288$w03A22$931981
=653  \0$aHuygens, C.$3138$020140288$w03A22$933032
=653  \0$aVoiture, V.$3145, 523, 524$020140288$w03A22$937713
=653  \0$aRameau, J.P.$3527$020140288$w03A22$938224
=653  \0$aRichelieu, cardinal$3489, 490, 491$020140288$w03A22$938427
=653  \0$aLa Bruyère$3152, 153, 386 $020140288$w03A22$933835
=653  \0$aLa Motte$3161, 457, 458, 459, 460, 461, 462, 463, 464, 465, 466, 467$020140288$w03A22$933839
=653  \0$aRousseau, J.B.$3161, 162, 492, 493, 494$020140288$w03A22$938594
=653  \0$aLeibnitz$3180, 181$020140288$w03A22$933995
=653  \0$aLully$3167, 168, 482, 526, 527$020140288$w03A22$934271
=653  \0$aMilton, J.$3174, 175$020140288$w03A22$934766
=653  \0$aMontesquieu$3452, 453, 454$020140288$w03A22$934851
=653  \\$aMolière$3158, 159, 450, 451$95673$020140288$w03A22
=653  \\$aPerrault, Charles$3477, 478$923779$020140288$w03A22
=653  \\$aPerrault, Claude$3476, 477$925893$020140288$w03A22
=653  \\$aSaint-Evremond$3498, 499$97144$020140288$w03A22
=653  \\$aSevigné, Mad. de$3513$939076$020140288$w03A22
=700  \\$4edt$4win$aPalissot de Montenoy, Charles$d1730-1814$1http://www.wikidata.org/entity/Q965322$95160
=773  \\$020610$tŒuvres de Voltaire$w20610
=856  \\$uhttps://books.google.com.cu/books?id=UTcHAAAAQAAJ$3vol. 1
=856  \\$uhttps://books.google.be/books?id=Ly0-AAAAYAAJ$3vol. 2
=942  \\$cBOO
=952  \\$00$10$2ddc$3vol. 1$40$6KTS_1_000000000000000_C1_63_03A21$70$8RAR$9376$aORPH$bORPH$cKTS1_C1$d2020-07-08$eKoopman$l0$oKTS1 C1.63 03A21$p20140287$r2021-01-12 00:00:00$w2021-01-12$yBOO
=952  \\$00$10$2ddc$3vol. 2$40$6KTS_1_000000000000000_C1_63_03A22$70$8RAR$922568$aORPH$bORPH$cKTS1_C1$d2020-07-08$eKoopman$l0$oKTS1 C1.63 03A22$p20140288$r2023-03-21 00:00:00$w2021-01-12$yBOO
=999  \\$d376

