=LDR  01035aam a2200217   4500
=001  377
=008  230321s1792\\\\||||||||\||||\00|\0\fre\d
=041  \\$afre
=100  \\$aVoltaire$d1694-1778$4aut$1http://www.wikidata.org/entity/Q9068$95159
=245  \\$aPrécis du siècle de Louis XV
=260  \\$aParis$bStoupe$bServière$c1792
=300  \\$a608 pages
=490  \\$aŒuvres de Voltaire, nouvelle édition$v23
=600  \0$aLouis XV$cKing of France$d1710-1774$1http://www.wikidata.org/entity/Q7738$98079
=648  \0$a18th Century (1701-1800)$1http://www.wikidata.org/entity/Q7015$920899
=650  \0$aHistory$1http://www.wikidata.org/entity/Q309$921403
=651  \0$aFrance$1http://www.wikidata.org/entity/Q142$9131
=700  \\$4edt$4win$aPalissot de Montenoy, Charles$d1730-1814$1http://www.wikidata.org/entity/Q965322$95160
=942  \\$cBOO
=952  \\$00$10$2ddc$40$6KTS_1_000000000000000_C1_63_03A23$70$8RAR$9377$aORPH$bORPH$cKTS1_C1$d2020-07-08$eKoopman$l0$oKTS1 C1.63 03A23$p20140289$r2021-01-12 00:00:00$w2021-01-12$yBOO
=999  \\$d377

