=LDR  01286aam a2200265   4500
=001  379
=008  230321s1792\\\\||||||||\||||\00|\0\fre\d
=041  \\$afre
=100  \\$aVoltaire$d1694-1778$4aut$1http://www.wikidata.org/entity/Q9068$95159
=245  \\$aHistoire de Charles XII
=260  \\$aParis$bStoupe$bServière$c1792
=300  \\$a416 pages
=490  \\$aŒuvres de Voltaire, nouvelle édition$v25
=534  \\$aOriginally published in 1731
=600  \0$aCharles XII of Sweden$1http://www.wikidata.org/entity/Q52934$925895
=648  \0$a17th Century (1601-1700)$1http://www.wikidata.org/entity/Q7016$920923
=648  \0$a18th Century (1701-1800)$1http://www.wikidata.org/entity/Q7015$920899
=650  \0$aHistory$1http://www.wikidata.org/entity/Q309$921403
=650  \0$aBiography$1http://www.wikidata.org/entity/Q36279$91927
=651  \0$aSweden$1http://www.wikidata.org/entity/Q34$9275
=700  \\$4edt$4win$aPalissot de Montenoy, Charles$d1730-1814$1http://www.wikidata.org/entity/Q965322$95160
=773  \\$020610$tŒuvres de Voltaire, nouvelle édition$w20610
=942  \\$cBOO
=952  \\$00$10$2ddc$40$6KTS_1_000000000000000_C1_64_03B01$70$8RAR$9379$aORPH$bORPH$cKTS1_C1$d2020-07-08$eKoopman$l0$oKTS1 C1.64 03B01$p20140291$r2021-01-12 00:00:00$w2021-01-12$yBOO
=999  \\$d379

