=LDR  01225aam a2200253   4500
=001  380
=008  230321s1792\\\\||||||||\||||\00|\0dfre\d
=041  \\$afre
=100  \\$aVoltaire$d1694-1778$4aut$1http://www.wikidata.org/entity/Q9068$95159
=245  \\$aHistoire de l'empire de Russie sous Pierre-le-Grand
=260  \\$aParis$bStoupe$bServière$c1792
=300  \\$a496 pages
=490  \\$aŒuvres de Voltaire, nouvelle édition$v26
=534  \\$aOriginally published in 1759-63
=590  \\$adivisée en deux parties
=600  \0$aPeter the Great$d1672-1725$1http://www.wikidata.org/entity/Q8479$925896
=648  \0$a17th Century (1601-1700)$1http://www.wikidata.org/entity/Q7016$920923
=648  \0$a18th Century (1701-1800)$1http://www.wikidata.org/entity/Q7015$920899
=650  \0$aHistory$1http://www.wikidata.org/entity/Q309$921403
=651  \0$aRussia$1http://www.wikidata.org/entity/Q159$921008
=700  \\$4edt$4win$aPalissot de Montenoy, Charles$d1730-1814$1http://www.wikidata.org/entity/Q965322$95160
=942  \\$cBOO
=952  \\$00$10$2ddc$40$6KTS_1_000000000000000_C1_64_03B02$70$8RAR$9380$aORPH$bORPH$cKTS1_C1$d2020-07-08$eKoopman$l0$oKTS1 C1.64 03B02$p20140292$r2021-01-12 00:00:00$w2021-01-12$yBOO
=999  \\$d380

