=LDR  01355aam a2200277   4500
=001  381
=008  230321s1792\\\\||||||||\||||\00|\0dfre\d
=041  \\$afre
=100  \\$aVoltaire$d1694-1778$4aut$1http://www.wikidata.org/entity/Q9068$95159
=245  \\$aAnnales de l'empire, depuis Charlemagne
=260  \\$aParis$bStoupe$bServière$c1792
=300  \\$a608 pages
=490  \\$aŒuvres de Voltaire, nouvelle édition$v27
=500  \\$ain the series '', vol. 27
=534  \\$aOriginally published in 1754
=648  \0$aMiddle Ages (500-1400)$1http://www.wikidata.org/entity/Q12554$920964
=648  \0$aRenaissance (1400-1600)$1http://www.wikidata.org/entity/Q4692$920965
=648  \0$a17th Century (1601-1700)$1http://www.wikidata.org/entity/Q7016$920923
=648  \0$a18th Century (1701-1800)$1http://www.wikidata.org/entity/Q7015$920899
=650  \0$aHistory$1http://www.wikidata.org/entity/Q309$921403
=651  \0$aAustria$1http://www.wikidata.org/entity/Q40$9202
=700  \\$4edt$aPalissot de Montenoy, Charles$d1730-1814$1http://www.wikidata.org/entity/Q965322$95160
=773  \\$020610$tŒuvres de Voltaire, nouvelle édition$w20610
=942  \\$cBOO
=952  \\$00$10$2ddc$40$6KTS_1_000000000000000_C1_64_03B03$70$8RAR$9381$aORPH$bORPH$cKTS1_C1$d2020-07-08$eKoopman$l0$oKTS1 C1.64 03B03$p20140294$r2021-01-12 00:00:00$w2021-01-12$yBOO
=999  \\$d381

