=LDR  01432aam a2200265   4500
=001  382
=005  20251103150107.0
=008  230321s1792\\\\||||||||\||||\00|\0\fre\d
=041  \\$afre
=100  \\$aVoltaire$d1694-1778$4aut$1http://www.wikidata.org/entity/Q9068$95159
=245  \\$aDoutes sur l'histoire :$bfragmens historiques
=260  \\$aParis$bStoupe$c1792
=300  \\$a605 pages
=505  \\$gPréface de l'éditeur -- Le Pyrrhonisme de l'histoire -- Fragmens historiques -- Fragmens sur quelques révolutions dans l'Inde, & sur la mort du comte de Lalli -- Lettres chinoises, indiennes & tartares -- La Défense de mon oncle
=648  \0$a18th Century (1701-1800)$1http://www.wikidata.org/entity/Q7015$920899
=650  \0$aPhilosophy$1http://www.wikidata.org/entity/Q5891$92357
=650  \0$aHistory$1http://www.wikidata.org/entity/Q309$921403
=650  \0$aEnlightenment$1http://www.wikidata.org/entity/Q12539$94532
=651  \0$aFrance$1http://www.wikidata.org/entity/Q142$9131
=651  \0$aChina$1http://www.wikidata.org/entity/Q29520$921493
=651  \0$aIndia$1http://www.wikidata.org/entity/Q668$922078
=700  \\$4edt$4win$aPalissot de Montenoy, Charles$d1730-1814$1http://www.wikidata.org/entity/Q965322$95160
=942  \\$cBOO
=952  \\$00$10$2ddc$40$6KTS_1_000000000000000_C1_64_03B04$70$8RAR$9382$aORPH$bORPH$cKTS1_C1$d2020-07-08$eKoopman$l0$oKTS1 C1.64 03B04$r2021-01-12 00:00:00$w2021-01-12$yBOO
=999  \\$d382

