=LDR  01642aam a2200301   4500
=001  384
=008  230713s1792\\\\|||f||||\||||\00|\0\fre\d
=041  \\$afre
=100  \\$aVoltaire$d1694-1778$4aut$1http://www.wikidata.org/entity/Q9068$95159
=245  \\$aÉlémens de la philosophie de Newton$bet différens autres ouvrages de physique
=246  \1$aPhysique
=260  \\$aParis$bStoupe$bServière$c1792
=300  \\$a544 pages, 14 plates
=490  \\$aŒuvres de Voltaire, nouvelle édition$v32
=500  \\$aEpistolary dedication jto the Marquise du Châtelet, 1745
=534  \\$aOriginally published as 'The Elements of Sir Isaac Newton's Philosophy' (1738/45)
=600  \0$1http://www.wikidata.org/entity/Q935$aNewton, Isaac$cSir$d1642-1727$921446
=600  \0$1http://www.wikidata.org/entity/Q9191$aDescartes, René$d1596-1650$95525
=600  \0$1http://www.wikidata.org/entity/Q9047$aLeibniz, Gottfried Wilhelm$d1646-1716$97732
=648  \0$1http://www.wikidata.org/entity/Q7016$a17th Century (1601-1700)$920923
=648  \0$1http://www.wikidata.org/entity/Q7015$a18th Century (1701-1800)$920899
=650  \0$aScience$1http://www.wikidata.org/entity/Q7991$921650
=650  \0$aEnlightenment$1http://www.wikidata.org/entity/Q12539$94532
=651  \0$1http://www.wikidata.org/entity/Q21$aUnited Kingdom$9273
=700  \\$1http://www.wikidata.org/entity/Q965322$4edt$4win$aPalissot de Montenoy, Charles$d1730-1814$95160
=942  \\$cBOO
=952  \\$00$10$2ddc$40$6KTS_1_000000000000000_C1_64_03B08$70$8RAR$9384$aORPH$bORPH$cKTS1_C1$d2020-07-08$eKoopman$l0$oKTS1 C1.64 03B08$p20145588$r2021-01-12 00:00:00$w2021-01-12$yBOO
=999  \\$d384

