=LDR  01471aam a2200229   4500
=001  385
=008  230713s1792\\\\||||||||\||||\00|\0\fre\d
=041  \\$afre
=100  \\$aVoltaire$d1694-1778$4aut$1http://www.wikidata.org/entity/Q9068$95159
=245  \\$aPhilosophie générale, métaphysique, morale, &c.
=260  \\$aParis$bStoupe$bServière$c1792
=300  \\$a496 pages
=490  \\$aŒuvres de Voltaire, nouvelle édition$v33
=505  \\$gTraité de métaphysique -- A M. de Formont -- A. M. Martin Kahle -- Le Philosophe ignorant -- Examen important de Milord Bolingbroke -- Avis mis au-devant des éditions précédentes de l'examen important de milord Bolingbroke -- Traduction d'une Lettre de milord Bolingbroke à milord Cornsburi -- Du systême de la nature -- Lettres de Memimus à Cicéron -- Il faut prendre un parti, ou principe d'action -- De l'âme
=648  \0$1http://www.wikidata.org/entity/Q7015$a18th Century (1701-1800)$920899
=650  \0$aPhilosophy$1http://www.wikidata.org/entity/Q5891$92357
=651  \0$1http://www.wikidata.org/entity/Q142$aFrance$9131
=700  \\$1http://www.wikidata.org/entity/Q965322$4edt$aPalissot de Montenoy, Charles$d1730-1814$95160
=856  \\$uhttps://books.google.be/books?id=PTAHAAAAQAAJ$3Google Books
=942  \\$cBOO
=952  \\$00$10$2ddc$40$6KTS_1_000000000000000_C1_64_03B09$70$8RAR$9385$aORPH$bORPH$cKTS1_C1$d2020-07-08$eKoopman$l0$oKTS1 C1.64 03B09$p20145587$r2021-01-12 00:00:00$w2021-01-12$yBOO
=999  \\$d385

