=LDR  01415aam a2200265   4500
=001  386
=008  230713s1792\\\\||||||||\||||\00|\0\fre\d
=041  \\$afre
=100  \\$aVoltaire$d1694-1778$4aut$1http://www.wikidata.org/entity/Q9068$95159
=245  \\$aPolitique, législation, affaires célèbres
=246  \1$aPolitique, législation
=260  \\$aParis$bStoupe$c1792
=300  \\$a2 vols. (469+488 pages)
=490  \\$aŒuvres de Voltaire, nouvelle édition$v34-35
=648  \0$1http://www.wikidata.org/entity/Q7015$a18th Century (1701-1800)$920899
=650  \0$aPhilosophy$1http://www.wikidata.org/entity/Q5891$92357
=650  \0$aPolitics$1http://www.wikidata.org/entity/Q7163$921826
=651  \0$1http://www.wikidata.org/entity/Q142$aFrance$9131
=700  \\$1http://www.wikidata.org/entity/Q965322$4edt$aPalissot de Montenoy, Charles$d1730-1814$95160
=856  \\$uhttps://books.google.be/books?id=dSk-AAAAYAAJ$3Tome I
=856  \\$uhttps://books.google.be/books?id=rTAHAAAAQAAJ$3Tome II
=942  \\$cBOO
=952  \\$00$10$2ddc$3Tome I$40$6KTS_1_000000000000000_C1_64_03B10$70$8RAR$9386$aORPH$bORPH$cKTS1_C1$d2020-07-08$eKoopman$l0$oKTS1 C1.64 03B10$p20145591$r2021-01-12 00:00:00$w2021-01-12$yBOO
=952  \\$00$10$2ddc$3Tome II$40$6KTS_1_000000000000000_C1_64_03B11$70$8RAR$922852$aORPH$bORPH$cKTS1_C1$d2020-07-08$eKoopman$l0$oKTS1 C1.64 03B11$p20145590$r2023-07-13 00:00:00$w2021-01-12$yBOO
=999  \\$d386

