=LDR  02819aam a2200349   4500
=001  387
=008  241120s1792\\\\||||||||\||||\00|\0\fre\d
=041  \\$afre
=100  \\$aVoltaire$d1694-1778$4aut$1http://www.wikidata.org/entity/Q9068$95159
=245  \\$aDialogues et entretiens philosophiques
=260  \\$aParis$bStoupe$c1792
=300  \\$a538 pages
=490  \\$aŒuvres de Voltaire, nouvelle édition$v36
=505  \\$gLes Embelissemens de la ville de Cachemire -- Un plaideur et un avocat -- Madame de Maintenon et Mademoiselle de l'Enclos -- Un philosophe et un contrôleur général des finances -- Marc-Aurèle et un récollet -- Un Brachmane et un jésuite sur la nécéssité & l'enchaînement des choses -- Lucrèce et Possidonius -- Un sauvage et un bachelier -- Ariste et Acrotal -- Lucien, Érasme et Rabelais dans les Champs Élysées -- L’Éducation des filles -- Les Anciens et les Modernes, ou La Toilette de Mme de Pompadour -- Cu-Su et Kou -- L'Indien et le japonais -- Tuctan et Karpos -- Un Caloyer et un homme de bien -- Du douteur et de l'adorateur -- Le Mandarin et le jésuite -- Le Dîner du comte de Boulainvilliers -- L'A, B, C -- Le Philosophe et la Nature -- Osmin et Sélim -- Le Papiste et le trésorier -- Un prêtre et un Encyclopédiste -- Un prêtre et un ministre protestant -- Les dernières paroles d'Épictete à son fils -- Sophronime et Adelos -- Dialogues d'Evhémère
=600  \0$aErasmus, Desiderius$d1466-1536$1http://www.wikidata.org/entity/Q43499$95446
=600  \0$aConfucius$d551-479 BC$1http://www.wikidata.org/entity/Q4604$939222
=600  \0$aRabelais, François$dc. 1490-1553?$1http://www.wikidata.org/entity/Q131018$910931
=610  \0$aJesuits$1http://www.wikidata.org/entity/Q36380$921140
=648  \0$a18th Century (1701-1800)$1http://www.wikidata.org/entity/Q7015$920899
=650  \0$aPhilosophy$1http://www.wikidata.org/entity/Q5891$92357
=650  \0$aEnlightenment$1http://www.wikidata.org/entity/Q12539$94532
=650  \0$aReligion$1http://www.wikidata.org/entity/Q9174$93062
=650  \0$aEducation$1http://www.wikidata.org/entity/Q8434$926206
=650  \0$aDialog$1http://www.wikidata.org/entity/Q131395$93474
=650  \0$aQuarrel of the Ancients and the Moderns$1http://www.wikidata.org/entity/Q267863$927393
=650  \0$aExoticism$1http://www.wikidata.org/entity/Q368949$926990
=650  \0$aEncyclopédie$1http://www.wikidata.org/entity/Q447$929338
=651  \0$aFrance$1http://www.wikidata.org/entity/Q142$9131
=700  \\$aPalissot de Montenoy, Charles$d1730-1814$1http://www.wikidata.org/entity/Q965322$4edt$95160
=942  \\$cBOO
=952  \\$00$10$2ddc$40$6KTS_1_000000000000000_C1_64_03B12$70$8RAR$9387$aORPH$bORPH$cKTS1_C1$d2020-07-08$eKoopman$l0$oKTS1 C1.64 03B12$p20143933$r2021-01-12 00:00:00$w2021-01-12$yBOO
=999  \\$d387

