=LDR  03254aam a2200433   4500
=001  389
=008  241120s1792\\\\||||||||\||||\00|\0\fre\d
=041  \\$afre
=100  \\$aVoltaire$d1694-1778$4aut$1http://www.wikidata.org/entity/Q9068$95159
=245  \\$aQuestions sur l'Encyclopédie
=260  \\$aParis$bStoupe$c1792
=300  \\$a7 volumes (535+480+476+543+520+477+470 pages)
=490  \\$aŒuvres de Voltaire, nouvelle édition$v38-44
=534  \\$aOriginally published in 1770-4 as an extension of the 'Dictionnaire philosophique portatif'
=600  \0$aDiderot, Denis$d1713-1784$1http://www.wikidata.org/entity/Q448$914909
=600  \0$ad'Alembert, Jean Le Rond$d1717-1783$1http://www.wikidata.org/entity/Q153232$94826
=648  \0$a18th Century (1701-1800)$1http://www.wikidata.org/entity/Q7015$920899
=650  \0$aPhilosophy$1http://www.wikidata.org/entity/Q5891$92357
=650  \0$aEnlightenment$1http://www.wikidata.org/entity/Q12539$94532
=650  \0$aEncyclopédie$1http://www.wikidata.org/entity/Q447$929338
=650  \0$aCriticism$1http://www.wikidata.org/entity/Q17955$92252
=650  \0$aSatire$1http://www.wikidata.org/entity/Q128758$921636
=651  \0$aFrance$1http://www.wikidata.org/entity/Q142$9131
=700  \\$aPalissot de Montenoy, Charles$d1730-1814$1http://www.wikidata.org/entity/Q965322$4edt$95160
=856  \\$uhttps://books.google.be/books?id=SjEHAAAAQAAJ$3Google Books (vol. 1)
=856  \\$uhttps://books.google.be/books?id=HCk-AAAAYAAJ$3Google Books (vol. 2)
=856  \\$uhttps://books.google.be/books?id=8Co-AAAAYAAJ$3Google Books (vol. 3)
=856  \\$uhttps://books.google.be/books?id=6MEg5q8dgE0C$3Google Books (vol. 4)
=856  \\$uhttps://books.google.be/books/?id=xDIHAAAAQAAJ$3Google Books (vol. 6)
=856  \\$uhttps://books.google.be/books/?id=GzMHAAAAQAAJ$3Google Books (vol. 7)
=942  \\$cBOO
=952  \\$00$10$2ddc$3vol. 1$40$6KTS_1_000000000000000_C1_64_03B14$70$8RAR$9389$aORPH$bORPH$cKTS1_C1$d2020-07-08$eKoopman$l0$oKTS1 C1.64 03B14$p20143935$r2021-01-12 00:00:00$w2021-01-12$yBOO
=952  \\$00$10$2ddc$3vol. 2$40$6KTS_1_000000000000000_C1_64_03B15$70$8RAR$923787$aORPH$bORPH$cKTS1_C1$d2020-07-08$eKoopman$l0$oKTS1 C1.64 03B15$p20143936$r2021-01-12 00:00:00$w2021-01-12$yBOO
=952  \\$00$10$2ddc$3vol. 3$40$6KTS_1_000000000000000_C1_64_03B16$70$8RAR$924116$aORPH$bORPH$cKTS1_C1$d2020-07-08$eKoopman$l0$oKTS1 C1.64 03B16$p20143940$r2024-11-20 12:13:13$w2021-01-12$yBOO
=952  \\$00$10$2ddc$3vol. 4$40$6KTS_1_000000000000000_C1_64_03B17$70$8RAR$924117$aORPH$bORPH$cKTS1_C1$d2020-07-08$eKoopman$l0$oKTS1 C1.64 03B17$p20143932$r2024-11-20 12:15:02$w2021-01-12$yBOO
=952  \\$00$10$2ddc$3vol. 5$40$6KTS_1_000000000000000_C1_64_03B18$70$8RAR$924118$aORPH$bORPH$cKTS1_C1$d2020-07-08$eKoopman$l0$oKTS1 C1.64 03B18$p20143931$r2024-11-20 12:15:21$w2021-01-12$yBOO
=952  \\$00$10$2ddc$3vol. 6$40$6KTS_1_000000000000000_C1_64_03B19$70$8RAR$924119$aORPH$bORPH$cKTS1_C1$d2020-07-08$eKoopman$l0$oKTS1 C1.64 03B19$p20143930$r2024-11-20 12:16:08$w2021-01-12$yBOO
=952  \\$00$10$2ddc$3vol. 7$40$6KTS_1_000000000000000_C1_64_03B20$70$8RAR$924120$aORPH$bORPH$cKTS1_C1$d2020-07-08$eKoopman$l0$oKTS1 C1.64 03B20$p20143929$r2024-11-20 12:26:51$w2021-01-12$yBOO
=999  \\$d389

