=LDR  01688aam a2200325   4500
=001  390
=008  241120s1792\\\\||||||||\||||\00|\0dfre\d
=041  \\$afre
=100  \\$aVoltaire$d1694-1778$4aut$1http://www.wikidata.org/entity/Q9068$95159
=245  \\$aPanégyriques, sermons, homélies, instuctions morales
=260  \\$aParis$bStoupe$bServière$c1792
=300  \\$a488 pages
=490  \\$aŒuvres de Voltaire, nouvelle édition$v45
=500  \\$aIn the series 'Œuvres de Voltaire, nouvelle édition', vol. 45
=600  \0$aJesus$1http://www.wikidata.org/entity/Q302$913731
=648  \0$a18th Century (1701-1800)$1http://www.wikidata.org/entity/Q7015$920899
=650  \0$aMoral education$1http://www.wikidata.org/entity/Q25457248$93171
=650  \0$aBiography$1http://www.wikidata.org/entity/Q36279$91927
=650  \0$aHistory$1http://www.wikidata.org/entity/Q309$921403
=650  \0$aNobility$1http://www.wikidata.org/entity/Q134737$93602
=650  \0$aReligion$1http://www.wikidata.org/entity/Q9174$93062
=650  \0$aEnlightenment$1http://www.wikidata.org/entity/Q12539$94532
=650  \0$aTolerance$1http://www.wikidata.org/entity/Q183225$921842
=650  \0$aSermon$1http://www.wikidata.org/entity/Q60797$921869
=651  \0$aFrance$1http://www.wikidata.org/entity/Q142$9131
=700  \\$aPalissot de Montenoy, Charles$d1730-1814$1http://www.wikidata.org/entity/Q965322$4edt$95160
=856  \\$uhttps://books.google.mu/books?id=PTMHAAAAQAAJ$3Google Books
=942  \\$cBOO
=952  \\$00$10$2ddc$40$6KTS_1_000000000000000_C1_64_03B21$70$8RAR$9390$aORPH$bORPH$cKTS1_C1$d2020-07-08$eKoopman$l0$oKTS1 C1.64 03B21$p20143943$r2021-01-12 00:00:00$w2021-01-12$yBOO
=999  \\$d390

