=LDR  01557aam a2200277   4500
=001  391
=008  241120s1792\\\\||||||||\||||\00|\0\fre\d
=041  \\$afre
=100  \\$aVoltaire$d1694-1778$4aut$1http://www.wikidata.org/entity/Q9068$95159
=245  \\$aThéologie, histoire ecclésiastique
=260  \\$aParis$bStoupe$bServière$c1792
=300  \\$a2 volumes (470+479 pages)
=490  \\$aŒuvres de Voltaire, nouvelle édition$v46-47
=648  \0$a18th Century (1701-1800)$1http://www.wikidata.org/entity/Q7015$920899
=650  \0$aTheology$1http://www.wikidata.org/entity/Q34178$93009
=650  \0$aOld Testament$1http://www.wikidata.org/entity/Q19786$923499
=650  \0$aNew Testament$1http://www.wikidata.org/entity/Q18813$924596
=650  \0$aHistory$1http://www.wikidata.org/entity/Q309$921403
=651  \0$aFrance$1http://www.wikidata.org/entity/Q142$9131
=700  \\$aPalissot de Montenoy, Charles$d1730-1814$1http://www.wikidata.org/entity/Q965322$4edt$95160
=856  \\$uhttps://books.google.be/books?id=hjMHAAAAQAAJ$3Google Books (vol. 1)
=856  \\$uhttps://books.google.be/books?id=qis-AAAAYAAJ$3Google Books (vol. 2)
=942  \\$cBOO
=952  \\$00$10$2ddc$3vol. 1$40$6KTS_1_000000000000000_C1_65_03B22$70$8RAR$9391$aORPH$bORPH$cKTS1_C1$d2020-07-08$eKoopman$l0$oKTS1 C1.65 03B22$p20143942$r2021-01-12 00:00:00$w2021-01-12$yBOO
=952  \\$00$10$2ddc$3vol. 2$40$6KTS_1_000000000000000_C1_65_03B23$70$8RAR$923789$aORPH$bORPH$cKTS1_C1$d2020-07-08$eKoopman$l0$oKTS1 C1.65 03B23$p20143941$r2021-01-12 00:00:00$w2021-01-12$yBOO
=999  \\$d391

