=LDR  01626aam a2200265   4500
=001  392
=008  241120s1792\\\\||||||||\||||\00|\i\fre\d
=041  \\$afre
=100  \\$aVoltaire$d1694-1778$4aut$1http://www.wikidata.org/entity/Q9068$95159
=245  \\$aLettres choisies. Correspondance générale
=260  \\$aParis$bStoupe$bServière$c1792
=300  \\$a3 volumes (528+535+517 pages)
=490  \\$aŒuvres de Voltaire, nouvelle édition$v48-51
=648  \0$a18th Century (1701-1800)$1http://www.wikidata.org/entity/Q7015$920899
=650  \0$aCorrespondence$1http://www.wikidata.org/entity/Q1784733$921392
=650  \0$aPhilosopher$1http://www.wikidata.org/entity/Q4964182$926399
=650  \0$aEnlightenment$1http://www.wikidata.org/entity/Q12539$94532
=651  \0$aFrance$1http://www.wikidata.org/entity/Q142$9131
=700  \\$aPalissot de Montenoy, Charles$d1730-1814$1http://www.wikidata.org/entity/Q965322$4edt$4win$95160
=856  \\$uhttps://books.google.be/books?id=0jMHAAAAQAAJ$3Google Books (vol. 1)
=942  \\$cBOO
=952  \\$00$10$2ddc$3vol. 1$40$6KTS_1_000000000000000_C1_65_03C01$70$8RAR$9392$aORPH$bORPH$cKTS1_C1$d2020-07-08$eKoopman$l0$oKTS1 C1.65 03C01$p20143944$r2021-01-12 00:00:00$w2021-01-12$yBOO
=952  \\$00$10$2ddc$3vol. 2$40$6KTS_1_000000000000000_C1_65_03C02$70$8RAR$923790$aORPH$bORPH$cKTS1_C1$d2020-07-08$eKoopman$l0$oKTS1 C1.65 03C02$p20143939$r2021-01-12 00:00:00$w2021-01-12$yBOO
=952  \\$00$10$2ddc$3vol. 3$40$6KTS_1_000000000000000_C1_65_03C03$70$8RAR$924121$aORPH$bORPH$cKTS1_C1$d2020-07-08$eKoopman$l0$oKTS1 C1.65 03C03$p20143938$r2024-11-20 15:19:33$w2021-01-12$yBOO
=999  \\$d392

