=LDR  00901    a2200205   4500
=001  394
=005  20251031141427.0
=041  \\$afre
=100  \\$aVoltaire$d1694-1778$4aut$1http://www.wikidata.org/entity/Q9068$95159
=100  \\$aPalissot de Montenoy, Charles$d1730-1814$4aut$1http://www.wikidata.org/entity/Q965322$95160
=245  \\$aLettres de l'Impératrice de Russie et de M. de Voltaire
=260  \\$aParis$bStoupe$c1792
=336  \\$abook
=336  \\$aprinted
=500  \\$aIn the series 'Œuvres de Voltaire, nouvelle édition', vol. 54
=650  \0$aCorrespondence$1http://www.wikidata.org/entity/Q1784733$921392
=856  \\$uhttps://books.google.be/books?id=OzUHAAAAQAAJ$3Google Books
=942  \\$cBOO
=952  \\$00$10$2ddc$40$6KTS_1_000000000000000_C1_65_03C07$70$8RAR$9394$aORPH$bORPH$cKTS1_C1$d2020-07-08$eKoopman$l0$oKTS1 C1.65 03C07$p20143972$r2021-01-12 00:00:00$w2021-01-12$yRAR
=999  \\$d394

