=LDR  00939aam a2200205   4500
=001  395
=005  20251031141553.0
=008  240624s1792\\\\||||||||\||||\00|\i\fre\d
=041  \\$afre
=100  \\$aVoltaire$d1694-1778$4aut$1http://www.wikidata.org/entity/Q9068$95159
=245  \\$aCorrespondance du Cardinal de Bernis et de M. de Voltaire, &c. &c
=260  \\$aParis$bStoupe$c1792
=336  \\$abook
=500  \\$aIn the series 'Œuvres de Voltaire, nouvelle édition', vol. 55
=650  \0$aCorrespondence$1http://www.wikidata.org/entity/Q1784733$921392
=700  \\$aPalissot de Montenoy, Charles$d1730-1814$1http://www.wikidata.org/entity/Q965322$4edt$95160
=856  \\$uhttps://books.google.be/books?id=lTUHAAAAQAAJ$3Google Books
=942  \\$cBOO
=952  \\$00$10$2ddc$40$6KTS_1_000000000000000_C1_65_03C08$70$8RAR$9395$aORPH$bORPH$cKTS1_C1$d2020-07-08$eKoopman$l0$oKTS1 C1.65 03C08$p20143973$r2021-01-12 00:00:00$w2021-01-12$yRAR
=999  \\$d395

