=LDR  09025aam a2201081   4500
=001  398
=003  OI
=005  20251009083816.0
=008  210224s1700\\\\be\|||||\||||\00|\d\fre\d
=040  \\$aBF
=041  \\$afre
=059  \\$av bc
=100  \\$aGherardi, Evaristo$d1663-1700$4edt$1http://www.wikidata.org/entity/Q3592734$95163
=245  \\$aLe Théâtre Italien de Gherardi,$bou le Recueil General de toutes les Comedies & Scenes Françoises par les Comediens Italiens du Roy
=260  \\$aParis$bCusson$bWitte$c1700
=300  \\$a6 volumes ([xxx]-648-[10]+[iv]-552+[ii]-614-[8]+[iv]-592-[40]+[iv]-549-[22]+[ii]-682-[42] pages)$binserted plates, frontispiece engraving, music
=500  \\$aEvaristo Gherardi was the Harlequin of the Comédie-Italienne, which was abolished in 1697
=500  \\$aSee 08E02 for the Amsterdam 1701 ed. of the 'Théâtre italien'
=500  \\$aEach play is preceded by a beautiful engraved plate depicting a scene (55 in total)
=500  \\$aEach volume is concluded with the related songs (notated for voice and basso continuo)
=500  \\$aLiterature: W. John Kirkness, Le français du théatre italien d'après le receuil de Gherardi 1681-1697 (Geneva: Droz, 1971)
=505  \\$gvol. 1: Arlequin Mercure galant (1682) - La matrone d'Éphèse ou Arlequin Grapignan (1682) - La Lingère du palais (1682) - Arlequin Protée (1683) - Arlequin Empereur dans la lune (1684) - Arlequin Jason ou La Toison d'Or comique (1684) - Arlequin Chevalier du Soleil (1685) - Isabelle medecin (1685) - Colombine avocat pour et contre (1685) - Le Banqueroutier (1687) - La precaution inutile (1692) --$gvol. 2: La Cause des femmes - La Critique de la cause des femmes -- Le Divorce (1688) -- Le Marchand dupé (1688) -- La Femme vangée -- La Descente de Mezzetin aux Enfers -- Le Grand Sophy -- Arlequin homme à bonne fortune (1690) -- La Critique de l'homme à bonne fortune --$gvol. 3: Les Filles errantes (1690) - La Fille sçavante (1690) - La Coquette ou L'Académie des dames (1691) - Arlequin Ésope (1691) - Les Deux Arlequins (1691) - Le Phénix (1691) - Arlequin Phaeton (1692) - Ulisse et Circé (1691) -- $gvol. 4: L'Opéra de campagne (1692) - L'Union des deux opéras (1692) - La Fille de bon sens (1692) - Les Chinois (1692) - La Baguette de Vulcain (1693) - Les Adieux des officiers ou Vénus justifiée (1693) -- Les Mal-assortis (1693) - Les Originaux ou L'Italien (1693) - Les Avantures des Champs Élisées (1693) --$gvol. 5: Les Souhaits - La Naissance d'Amadis (1694) - Le Bel-esprit (1694) - Arlequin défenseur du beau sexe - La Fontaine de sapience (1694) - Le Départ des comédiens (1694) - La Fausse coquette (1694) - Le Tombeau de Maître André (1695) - Attendez-moy sous l'orme (1695) --$gvol. 6: La Thèse des dames (1695) - Les Promenades de Paris (1695) - Le Retour de la Foire de Bezons (1695) - La Foire Saint Germain (1695) - Les Momies d'Égypte (1696) - Les Bains de la Porte S. Bernard (1696) - Arlequin Misantrope (1696) - Pasquin et Marforio (1697) - Les Fées (1697)
=520  \\$aAll these plays of a comic and burlesque nature were performed from 1682 to 1697, mainly at the Hôtel de Bourgogne. There are many harlequinades, several plays by Regnard or adapted from the Italian theatre by Regnard, and plays by Le Noble. There is a great variety of subjects, mythological, oriental, and generally on everything that was in the air at the time, such as the play on the mummies of Egypt... This type of theatre, primarily intended for entertainment, was very popular at the end of the 17th century and had a lasting influence on French theatre.
=534  \\$aLe Théâtre italien, ou Recueil de toutes les scènes françoises qui ont esté jouées sur le théâtre italien de l'Hostel de Bourgogne$c1694
=590  \\$apendant tout le temps qu'ils ont été au Service. Enrichi d'Estampes en Taille-douce à la tête de chaque Comedie, à la fin de laquelle tous les Airs qu'on y a chantez se trouvent gravez notez, avec leur Basse continue chiffrée?
=610  \0$aComédie-Italienne (Paris, France)$1http://www.wikidata.org/entity/Q1581237$922126
=648  \0$a17th Century (1601-1700)$1http://www.wikidata.org/entity/Q7016$920923
=650  \0$aFair$1http://www.wikidata.org/entity/Q288514$921501
=650  \0$aComedy$1http://www.wikidata.org/entity/Q40831$921436
=651  \0$aFrance$1http://www.wikidata.org/entity/Q142$9131
=653  \0$aairs$3vw6, vw7, achterin$020138090$w03C11$928546
=653  \0$aairs$3achterin$020138092$w03C13$928546
=653  \0$aairs$3achterin$020138098$w03C14$928546
=653  \0$aairs$3achterin$020138099$w03C15$928546
=653  \0$aairs$3achterin$020138100$w03C16$928546
=653  \0$ablokfluit$3tp, 5$020138092$w03C13$929645
=653  \0$ablokfluit$3tp$020138100$w03C16$929645
=653  \0$aboekoplage$3vw5$020138090$w03C11$929699
=653  \0$aboekprijs$3vw5$020138090$w03C11$929701
=653  \0$acello$3tp, 5?$020138092$w03C13$930344
=653  \0$acomedia dell'arte$3vw1$020138090$w03C11$930609
=653  \0$aopera$33-97$020138098$w03C14$935411
=653  \0$adirigent$3tp$020138091$w03C12$931092
=653  \0$adirigent$3tp$020138099$w03C15$931092
=653  \0$adwarsfluit$3tp$020138092$w03C13$931340
=653  \0$adwarsfluit$3tp$020138099$w03C15$931340
=653  \0$aFrans-Italiaans$3vw4$020138090$w03C11$931874
=653  \0$agamba$3tp$020138091$w03C12$931995
=653  \0$agamba$35, 226$020138092$w03C13$931995
=653  \0$agamba$3tp$020138099$w03C15$931995
=653  \0$agitaar$3tp, 5$020138092$w03C13$932207
=653  \0$agitaar$3486$020138099$w03C15$932207
=653  \0$ahobo$3tp, 5$020138092$w03C13$932805
=653  \0$ahobo$3162?$020138100$w03C16$932805
=653  \0$aviool$3tp$020138091$w03C12$937605
=653  \0$aviool$35, 226$020138092$w03C13$937605
=653  \0$aviool$3tp$020138099$w03C15$937605
=653  \0$aimprovisatie$3vw1, vw2$020138090$w03C11$933059
=653  \0$aklavecimbel_18e eeuw$3tp$020138099$w03C15$933471
=653  \0$aklavecimbel_Italie 18e eeuw$3tp$020138091$w03C12$933495
=653  \0$akoor/orkestopstelling$3tp$020138091$w03C12$933679
=653  \0$akoor/orkestopstelling$35$020138092$w03C13$933679
=653  \0$akoor/orkestopstelling$3tp$020138099$w03C15$933679
=653  \0$aluit$3tp$020138090$w03C11$934262
=653  \0$aluit$3tp$020138091$w03C12$934262
=653  \0$aslagwerk$3486$020138099$w03C15$939152
=653  \0$amise-en-scène$312 afb.$020138090$w03C11$939272
=653  \0$amise-en-scène$39 afb$020138091$w03C12$939272
=653  \0$amise-en-scène$39 afb$020138092$w03C13$939272
=653  \0$amise-en-scène$310 afb$020138098$w03C14$939272
=653  \0$amise-en-scène$310 afb$020138099$w03C15$939272
=653  \0$amise-en-scène$310 afb$020138100$w03C16$939272
=653  \\$ade Masse$3tot 47$930973$020138098$w03C14
=653  \\$aLorenzani$3fol 20$934214$020138090$w03C11
=700  \\$aDelosme de Montchenay, Jacques$d1666-1740$4aut$95164
=700  \\$aLe Noble, Eustache$d1643-1711$4aut$1http://www.wikidata.org/entity/Q3061053$95165
=700  \\$aPalaprat, Jean$d1650-1721$4aut$1http://www.wikidata.org/entity/Q3175629$95166
=700  \\$aRegnard, Jean-François$d1655-1709$4aut$1http://www.wikidata.org/entity/Q732695$95167
=700  \\$aDufresny, Charles$d1648-1724$4aut$1http://www.wikidata.org/entity/Q954563$96442
=856  \\$uhttps://books.google.be/books?id=h11dmsu9VgcC$3vol. 1
=856  \\$uhttps://books.google.be/books?id=c72lOJli_JkC$3vol. 2
=856  \\$uhttps://books.google.be/books?id=1jcTvxa5CIMC&$3vol. 3
=856  \\$uhttps://books.google.be/books?id=vSUduRC2zKMC$3vol. 4
=856  \\$uhttps://books.google.be/books?id=wOFI5pAr-X4C$3vol. 5
=856  \\$uhttps://gallica.bnf.fr/view3if/ga/ark:/12148/bpt6k1114121$3vol. 6 (IIIF)
=942  \\$cBOO
=952  \\$00$10$2ddc$3vol. 1$40$6KTS_1_000000000000000_C1_65_03C11$70$8RAR$9398$aORPH$bORPH$cKTS1_C1$d2020-07-08$eKoopman$oKTS1 C1.65 03C11$p20138090$r2021-01-12 00:00:00$w2021-01-12$yBOO
=952  \\$00$10$2ddc$3vol. 2$40$6KTS_1_000000000000000_C1_65_03C12$70$8RAR$921117$aORPH$bORPH$cKTS1_C1$d2020-07-08$eKoopman$l0$oKTS1 C1.65 03C12$p20138091$r2021-12-23 00:00:00$w2021-01-12$yBOO
=952  \\$00$10$2ddc$3vol. 3$40$6KTS_1_000000000000000_C1_65_03C13$70$8RAR$921118$aORPH$bORPH$cKTS1_C1$d2020-07-08$eKoopman$l0$oKTS1 C1.65 03C13$p20138092$r2021-12-23 00:00:00$w2021-01-12$yBOO
=952  \\$00$10$2ddc$3vol. 4$40$6KTS_1_000000000000000_C1_65_03C14$70$8RAR$921119$aORPH$bORPH$cKTS1_C1$d2020-07-08$eKoopman$l0$oKTS1 C1.65 03C14$p20138098$r2021-12-23 00:00:00$w2021-01-12$yBOO
=952  \\$00$10$2ddc$3vol. 5$40$6KTS_1_000000000000000_C1_65_03C15$70$8RAR$921120$aORPH$bORPH$cKTS1_C1$d2020-07-08$eKoopman$l0$oKTS1 C1.65 03C15$p20138099$r2021-12-23 00:00:00$w2021-01-12$yBOO
=952  \\$00$10$2ddc$3vol. 6$40$6KTS_1_000000000000000_C1_65_03C16$70$8RAR$921121$aORPH$bORPH$cKTS1_C1$d2020-07-08$eKoopman$l0$oKTS1 C1.65 03C16$p20138100$r2021-12-23 00:00:00$w2021-01-12$yBOO
=999  \\$d398

