=LDR  01080aam a2200229   4500
=001  401
=008  211223s1840\\\\\\\|||||\||||\00|\p\fre\d
=041  \\$afre
=100  \\$aPerrin, Jean Baptiste$dfl. 1786-1798$1http://www.wikidata.org/entity/Q6170206$4aut$95169
=245  \\$aFables et contes
=260  \\$aLons-le-Saunier$bGauthier$c1840
=300  \\$a324 pages
=500  \\$aInserted manuscript note glued to front cover with biographic information on the author, who was a French tutor in Dublin.

=534  \\$aOriginally published in 1771
=648  \0$a18th Century (1701-1800)$1http://www.wikidata.org/entity/Q7015$920899
=650  \0$aPoetry$1http://www.wikidata.org/entity/Q482$93026
=650  \0$aMoral education$1http://www.wikidata.org/entity/Q25457248$93171
=651  \0$aDublin (Ireland)$1http://www.wikidata.org/entity/Q1761$927101
=765  \\$aFables amusantes
=942  \\$cBOO
=952  \\$00$10$2ddc$40$6KTS_1_000000000000000_C1_66_03C20$70$8RAR$9401$aORPH$bORPH$cKTS1_C1$d2020-07-08$eKoopman$oKTS1 C1.66 03C20$p20138108$r2021-01-12 00:00:00$w2021-01-12$yBOO
=999  \\$d401

