=LDR  01075aam a2200241   4500
=001  402
=005  20250923161048.0
=008  211223m16311633\\\|||||\||||\00|\p\ita\d
=041  \\$aita
=100  \\$aCamerlenghi, Giovanni Battista$dfl. 1630-1633$4aut$95170
=245  \\$aL'Oriente
=260  \\$aNaples$bLongo$c1631$c1633
=300  \\$a2 vols. ([x]-61+56 pages)$bengraved title pages
=534  \\$aOriginally published in 1630
=590  \\$aPer la venuta in Napoli della Maestà di D. Maria d'Austria Reina d'Ungaria, e di Boemia
=648  \0$a17th Century (1601-1700)$1http://www.wikidata.org/entity/Q7016$920923
=650  \0$aPoetry$1http://www.wikidata.org/entity/Q482$93026
=651  \0$aNaples (Italy)$1http://www.wikidata.org/entity/Q2634$921
=856  \\$uhttps://books.google.be/books?id=pHPCAgzd4lIC$3Google Books
=942  \\$cBOO
=952  \\$00$10$2ddc$40$6KTS_1_000000000000000_C1_66_03C21$70$8RAR$9402$aORPH$bORPH$cKTS1_C1$d2020-07-08$eKoopman$oKTS1 C1.66 03C21$p20138109$r2021-01-12 00:00:00$w2021-01-12$yBOO
=999  \\$d402
=533  \\$aDigitized by iGuana, Spring 2025.

