=LDR  01514aam a2200289   4500
=001  403
=005  20251029110828.0
=008  220104s1795\\\\|||af|||\||||\00|\d\dut\d
=041  \\$adut
=100  \\$aFeith, Rhijnvis$d1753-1824$4aut$1http://www.wikidata.org/entity/Q1375304$95084
=245  \\$aC. Mucius Cordus, of de verlossing van Rome.$bTreurspel
=260  \\$aAmsterdam$bAllart$c1795
=300  \\$axxiv-95 pages$bplate inserted
=336  \\$aprinted
=500  \\$aSee also 07B29 and H3-087_8
=500  \\$aRhijnvis Feith (1753-1824) was a poet from Zwolle who studied law in Leiden together with Willem Bilderdijk, by whom he was influenced
=501  \\$aRhijnvis' 'Ines de Castro' & 'Fanny, een fragment' 
=648  \0$a18th Century (1701-1800)$1http://www.wikidata.org/entity/Q7015$920899
=650  \0$aPlay (theater)$1http://www.wikidata.org/entity/Q25379$921414
=650  \0$aPoetry$1http://www.wikidata.org/entity/Q482$93026
=651  \0$aNetherlands$1http://www.wikidata.org/entity/Q55$9173
=773  \\$0405$tInes de Castro$w405
=856  \\$uhttps://books.google.be/books?id=1SVjAAAAcAAJ$3Google Books
=942  \\$cBOO
=952  \\$00$10$2ddc$40$6KTS_1_000000000000000_C1_66_03D01B$70$8RAR$9403$aORPH$bORPH$cKTS1_C1$d2020-07-08$eKoopman$i03D01b$oKTS1 C1.66 03D01b$r2021-01-12 00:00:00$w2021-01-12$yBOO
=952  \\$00$10$2ddc$40$6KTS_1_000000000000000_C1_66_03D01B$70$8RAR$923794$aORPH$bORPH$cKTS1_C1$d2020-07-08$eKoopman$i03D01b$l0$oKTS1 C1.66 03D01b$r2021-01-12 00:00:00$w2021-01-12$yBOO
=999  \\$d403

