=LDR  01198aam a2200253   4500
=001  410
=008  220104s1711\\\\||||||||\||||\00|\p\dut\d
=041  \\$adut
=100  \\$aLuiken, Jan$d1649-1712$4aut$4egr$1http://www.wikidata.org/entity/Q87466$95171
=245  \\$aDe bykorf des gemoeds, honing zaamelende uit allerly bloemen
=250  \\$a1st ed.
=260  \\$aAmsterdam$bArentz$bvander Sys$c1711
=300  \\$a[vi]-405-[2] pages$bill.
=336  \\$aprinted
=500  \\$aJan Luyken (1649-1712) was a poet, illustrator and engraver
=500  \\$abirthday present for Ton Koopman, note inserted with the contributers
=648  \0$a18th Century (1701-1800)$1http://www.wikidata.org/entity/Q7015$920899
=650  \0$aPoetry$1http://www.wikidata.org/entity/Q482$93026
=650  \0$aMoral education$1http://www.wikidata.org/entity/Q25457248$93171
=651  \0$aNetherlands$1http://www.wikidata.org/entity/Q55$9173
=856  \\$uhttps://books.google.be/books?id=Mf0TAAAAQAAJ$3Google Books
=942  \\$cBOO
=952  \\$00$10$2ddc$40$6KTS_1_000000000000000_C1_66_03D04$70$8RAR$9410$aORPH$bORPH$cKTS1_C1$d2020-07-08$eKoopman$i03D04$oKTS1 C1.66 03D04$p20138106$r2021-01-12 00:00:00$w2021-01-12$yBOO
=999  \\$d410

