=LDR  01659aam a2200325   4500
=001  414
=003  OI
=008  210226s1644\\\\be\a||||\||||\00|\p\dut\d
=040  \\$aOI
=041  \\$adut$hlat
=100  \\$aHuygens, Constantijn$d1596-1687$4aut$1http://www.wikidata.org/entity/Q560746$95174
=245  \\$aDe ledige uren van Constantin Huygens
=260  \\$aAmsterdam$bLescailje$c1644
=300  \\$a[xxii]-308-[1] pages$billustrations
=500  \\$aFor original version, see 16D23
=534  \\$cOriginally published in 1625
=561  \\$aEx libris E.B. van den Gheyn
=590  \\$aRidder, Heel van Zuilechom, en Geheimschrijver van Zyn Hoogheyd de Prins van Oranje. Verdeelt in ses boecken, vvaer in gedichten van verscheyden talen, stijlen en stoffen
=648  \0$a17th Century (1601-1700)$1http://www.wikidata.org/entity/Q7016$920923
=650  \0$aPoetry$1http://www.wikidata.org/entity/Q482$93026
=651  \0$aNetherlands$1http://www.wikidata.org/entity/Q55$9173
=700  \\$aBarlæus, Caspar$d1584-1648$4aut$1http://www.wikidata.org/entity/Q728991$95175
=700  \\$aVos, Jan$d1610/12-1667$1http://www.wikidata.org/entity/Q2049214$95176
=700  \\$aHooft, P. C.$d1581-1647$4aut$1http://www.wikidata.org/entity/Q10914484$95139
=700  \\$aHeinsius, Daniel$d1580-1655$4aut$1http://www.wikidata.org/entity/Q918731$95177
=765  \\$aOtiorum libri sex
=856  \\$uhttps://books.google.be/books?id=aCcPAAAAQAAJ$3Google Books
=942  \\$cBOO
=952  \\$00$10$2ddc$40$6KTS_1_000000000000000_C1_66_03D09$70$8RAR$9414$aORPH$bORPH$cKTS1_C1$d2020-07-08$eKoopman$i03D09$oKTS1 C1.66 03D09$p20138110$r2021-01-12 00:00:00$w2021-01-12$yBOO
=999  \\$d414

